3178 5100
509 483 548 536 ad
565 482 741 538 eooleeinm
763 483 793 538 11
811 487 826 548 ξ
844 481 955 538 22-26.
1024 437 1026 442 V
1233 483 1298 550 253

166 672 338 740 deuotioroe
372 689 439 740 ereo
472 689 527 738 noe
564 672 708 740 domiuus
745 671 805 739 eibi
842 674 934 752 nolit,
972 674 1045 756 quio
1082 674 1149 740 tam
1182 693 1295 758 magno

166 777 362 844 donationem
395 777 535 844 nostram
569 778 668 859 pretio
703 778 896 860 conparauit.
927 780 959 844 et
993 775 1063 843 ideo
1093 776 1295 844 beatissimus

63 960 66 964 ⁸
131 880 284 948 ·Panlne
319 880 407 964 quie
440 899 547 966 ergo,
580 880 700 963 inquit,
735 899 802 946 noe
836 878 1044 964 separabit
1077 899 1096 946 e
1124 880 1295 948 ueritate
1351 939 1355 947 .

166 983 339 1052 Christi?
372 983 590 1050 tribulatio
624 1001 673 1048 an
705 983 894 1066 angustia
922 983 1226 1066 anpereeontio
1248 1003 1294 1051 an

144 1087 289 1153 eremos
324 1104 369 1152 an
398 1086 567 1154 ,nuditas
601 1103 646 1152 an
678 1087 899 1170 perieulum
932 1103 981 1153 an
1013 1085 1197 1171 gladius?
1233 1106 1296 1154 non

165 1191 323 1271 apnotolue
356 1189 454 1256 solam
487 1191 652 1274 pecuniam
681 1209 739 1258 neo
767 1192 862 1260 eulae-
878 1189 985 1256 deberi
1012 1189 1142 1256 anobis
1164 1190 1295 1258 diuitiae

165 1297 220 1360 deo
248 1293 337 1378 dieii,
366 1296 420 1362 sed
449 1295 687 1362 tribulationem
711 1293 894 1380 angustiam
922 1296 1039 1362 famem
1060 1293 1201 1378 gladium
1222 1313 1295 1377 pae-

165 1398 285 1464 eionem
327 1397 509 1464 effnnionem
552 1399 713 1481 sanguinis
751 1397 874 1464 animae
916 1397 1121 1465 exalationem
1157 1401 1295 1464 mortem

165 1500 297 1584 deniqne
330 1503 416 1568 omni
444 1519 613 1585 poenarum
646 1519 757 1586 genere
784 1500 960 1566 conditam:
995 1503 1079 1568 undo
1107 1501 1294 1584 intellegant

131 1622 271 1670 nomnen
304 1604 443 1687 religioni
472 1624 534 1672 non
564 1605 641 1673 satie
663 1623 696 1670 ee
725 1603 781 1670 deo
809 1603 947 1681 reddere,
964 1604 1104 1670 etiamsi
1132 1606 1294 1670 uniuersae

165 1705 307 1772 dederint
329 1709 505 1788 facultates,
529 1707 603 1790 qnia
625 1707 698 1772 linet
719 1725 776 1772 ene
796 1707 911 1772 ennete
935 1706 1124 1789 dispensent,
1154 1709 1237 1790 ipooe
1259 1725 1294 1774 ee

164 1811 272 1876 mmor
292 1809 415 1877 debent.
447 1814 478 1878 et
498 1813 578 1890 ideo,
601 1811 686 1878 siout
700 1831 794 1895 eupra
809 1811 911 1878 didere
926 1830 1143 1894 coeperamus,
1156 1811 1183 1876 ei
1197 1807 1346 1878 uidua25

164 1918 212 1978 eet
235 1914 409 1998 quaepiam,
439 1933 635 2000 nequequam
663 1915 726 1980 eibi
747 1914 890 1982 enffieere
912 1916 952 1980 ed
975 1918 1134 1981 aeternam
1157 1914 1294 1982 salntem

163 2036 276 2082 nomen
309 2017 474 2084 uiduitatis
503 2021 605 2102 putet,
638 2018 693 2085 sed
722 2020 828 2084 uideat
857 2021 981 2101 qualem
1009 2035 1075 2083 eeee
1097 2019 1129 2082 in
1152 2018 1292 2100 apostolo

130 2121 293 2186 roniduam
315 2124 390 2187 dene
413 2121 522 2188 iubeat
540 2123 668 2188 dieene:
701 2139 802 2204 quae
825 2141 916 2186 nere
938 2121 1058 2186 uidua
1080 2124 1154 2197 eet,
1185 2122 1293 2186 deeo-

162 2226 247 2291 lata
269 2227 402 2304 eperat
425 2225 462 2288 iu
485 2225 660 2306 domino,
690 2225 817 2289 instat
840 2224 1089 2290 orationibus
1112 2231 1229 2290 noete
1250 2243 1293 2290 ao

163 2326 241 2406 die3
270 2345 358 2394 nam
380 2346 477 2410 quae
500 2331 539 2394 in
562 2329 727 2394 delioiie
750 2328 852 2411 agit,
882 2329 1024 2393 uiuone
1046 2331 1197 2392 mortua
1220 2331 1289 2394 eet.

162 2450 224 2497 uno
247 2432 414 2516 eodemque
442 2434 608 2515 praecepte
631 2431 707 2496 duae
729 2431 890 2514 apostolus
914 2431 1028 2496 formae
1051 2429 1216 2495 uiduitatis
1239 2451 1291 2495 eu·

162 2535 286 2617 preaait,
309 2553 406 2600 unam
429 2535 515 2600 uitae
537 2536 671 2600 alteram
693 2533 820 2599 mortis:
843 2533 875 2599 in
891 2533 1011 2599 delieiie
1027 2539 1160 2599 mortem
1175 2533 1289 2617 poenit

127 2655 236 2722 netgo
257 2637 372 2720 obeqne
394 2638 488 2704 dubio
510 2638 645 2703 diuitem
660 2655 726 2702 enee
749 2655 811 2702 non
833 2638 904 2702 uult
919 2654 1014 2720 quam
1029 2636 1206 2704 delitiosam
1222 2655 1290 2702 eene

161 2760 223 2806 non
246 2740 376 2823 patitur,
398 2741 472 2824 quia
494 2742 594 2806 omnis
617 2739 737 2806 fruetur
760 2739 945 2806 diuitiarum
965 2741 1000 2806 in
1018 2759 1078 2805 nen
1100 2742 1148 2806 eet
1168 2739 1291 2823 positus

161 2843 359 2930 deliciarum
390 2844 507 2928 alioqui
536 2849 655 2910 remoto
686 2863 745 2908 usu
774 2845 957 2910 deliciarum
980 2861 1088 2910 oaueae
1110 2861 1206 2926 opum
1228 2863 1291 2911 non

159 2947 390 3030 relinquuntur.

205 3083 277 3150 VII.
310 3083 387 3150 cum
417 3086 522 3170 itaque
549 3087 709 3170 apostolus
737 3085 770 3151 in
792 3085 911 3151 delitiis
933 3085 1045 3151 uiduae
1068 3085 1202 3150 mortem
1225 3101 1290 3150 eese
1299 3093 1350 3159 26·

124 3189 393 3267 rememorarent,
423 3191 603 3272 promptum
633 3191 680 3254 est
709 3189 790 3271 quod
812 3190 850 3255 ad
873 3189 958 3253 uitae
986 3189 1129 3252 aeternae
1151 3187 1289 3252 imetnm

159 3292 233 3357 nult
259 3291 405 3357 uniuersa
433 3291 593 3372 distribui,
625 3293 677 3376 qni
701 3307 763 3359 non
784 3293 854 3357 nult
877 3295 915 3358 ad
936 3289 1047 3357 mortis
1069 3308 1160 3355 usum
1185 3289 1291 3374 eliqua

159 3397 321 3462 reseruari.
360 3400 392 3461 et
413 3397 483 3464 ideo
506 3397 597 3464 dicit:
626 3417 721 3482 qnae
743 3415 834 3463 uere
856 3397 979 3462 uidua
1001 3397 1075 3474 est,
1105 3396 1291 3462 desolata

159 3503 302 3582 eperat
324 3500 362 3565 in
386 3502 556 3584 domino,
587 3502 700 3566 doeene
729 3499 850 3567 seilicet
872 3517 982 3582 perum
1005 3517 1081 3578 esee,
1112 3501 1138 3565 ei
1161 3516 1223 3565 non
1247 3498 1296 3564 eit·

262 3712 476 3779 artemque
580 3711 816 3778 151Tim.5,5

210 3905 344 3974 2praetio
362 3905 390 3960 A
475 3906 605 3974 3inqnid
622 3907 650 3960 B
735 3907 855 3961 dtamen
874 3923 908 3961 oo:
925 3907 1004 3961 femie
1022 3923 1091 3962 corr.
1107 3913 1175 3962 Μ
1193 3910 1221 3963 A

152 3991 320 4062 deportato
344 3994 372 4046 A
431 4041 433 4046 .
476 3992 508 4048 17
531 3991 632 4048 dilioiis
656 3993 684 4048 A
714 3991 838 4048 dilinitiie
861 3993 889 4048 Β
994 3994 1026 4048 19
1040 4000 1105 4062 poet
1122 3995 1216 4048 mortio
1234 4009 1287 4049 ree.

151 4095 192 4134 m.
211 4076 278 4132 oda
294 4085 329 4142 on
350 4078 378 4134 A
485 4077 590 4134 dolieiir
609 4095 644 4134 aa
660 4078 760 4134 dilieiie
779 4081 823 4149 (nt
836 4080 923 4149 pareto
943 4085 1005 4148 poet
1028 4081 1197 4146 delieioeam,
1220 4080 1288 4134 deli·

151 4165 268 4228 marum)
293 4179 371 4219 onra-
384 4167 459 4220 M
484 4165 512 4218 A
614 4164 647 4220 21
675 4178 766 4222 omnes
792 4166 820 4221 B
922 4167 956 4220 22
983 4167 1103 4236 alioquin
1126 4181 1159 4220 eoo
1185 4166 1289 4235 alioqui

150 4259 229 4307 corr.
246 4265 280 4304 nr.
298 4253 319 4305 2
336 4249 364 4304 A
403 4291 408 4306 2.
434 4283 445 4306 ,ι
461 4251 501 4304 .3'l
524 4249 677 4306 dilieiarum
698 4251 755 4306 AB
777 4257 875 4308 contra
898 4254 991 4308 atatim
1014 4251 1117 4306 deliciis
1135 4267 1169 4308 on
1187 4252 1288 4308 diliciis

148 4341 259 4394 demon
276 4351 346 4392 corr.
364 4339 430 4392 aad
447 4336 473 4390 A
563 4337 598 4392 25
615 4341 769 4407 promptum
786 4355 822 4393 ee
839 4342 995 4407 promptum
1014 4354 1084 4393 eorr.
1102 4355 1137 4394 m.
1151 4343 1167 4392 1
1184 4345 1216 4394 ot
1228 4340 1287 4396 reid.

148 4424 182 4478 A
202 4438 236 4476 m.
254 4425 273 4476 2
291 4422 318 4476 B
422 4421 455 4476 27
474 4422 605 4476 reseruari
623 4438 657 4478 ee
676 4437 803 4480 -reeorn
823 4441 855 4478 m.
874 4425 962 4480 213.
