3132 5096
453 510 965 580 mwmwmwm
1234 513 1272 582 m

144 699 213 765 filio
234 699 395 784 unigenito
418 703 450 764 et
471 697 530 766 hoe
550 699 615 765 filio
638 699 710 765 deos
739 701 815 783 quid
843 701 905 767 diei
927 701 1062 784 amplius
1084 703 1211 785 petest?
1244 706 1276 798 et

142 802 203 869 hoe
224 821 282 885 pre
310 801 414 881 nobis,
441 801 475 866 id
497 806 546 868 est
566 821 623 885 pre
644 803 737 869 malis
765 820 821 886 pro
850 803 965 887 iniquis
988 823 1043 888 pre
1066 805 1275 888 impiissimis.

142 907 214 989 quis
243 907 409 972 aestimare
438 903 522 972 hune
552 925 627 992 erga
647 924 704 973 nos
728 907 779 972 dei
801 925 938 973 amorem
968 912 1076 991 queat,
1107 909 1169 974 nisi
1193 911 1274 994 qnod
1285 909 1326 975 47

141 1009 268 1076 iustitia
289 1011 338 1075 dei
360 1011 449 1075 tanta
469 1011 528 1088 est,
552 1008 643 1076 utin
666 1029 738 1076 eum
761 1011 879 1094 aliquid
902 1009 1055 1077 iniustum
1079 1013 1188 1091 eadere
1211 1032 1274 1078 uon

115 1114 266 1196 spossitl
288 1132 360 1178 uam
376 1116 530 1196 quantum
545 1115 584 1180 ad
600 1114 757 1181 rationem
772 1115 943 1180 humanam
958 1115 1107 1197 pertinet,
1123 1117 1275 1183 iniustam

141 1237 211 1284 rem
232 1215 324 1282 homo
348 1216 482 1300 quilibet
504 1210 631 1298 fenerat,
654 1219 682 1284 ei
695 1237 752 1302 pro
766 1219 908 1301 pessimis
925 1216 1023 1284 seruis
1040 1219 1142 1284 lilium
1157 1219 1275 1286 bouum

142 1319 270 1386 fecisset
297 1319 404 1386 occidi.
437 1319 491 1385 sed
517 1321 627 1403 utique
649 1319 708 1386 hoe
730 1321 832 1404 magis
854 1321 1097 1387 inaestImabilis
1119 1325 1219 1404 pietas
1242 1323 1276 1389 et

140 1425 202 1490 hoe
224 1427 326 1506 magis
347 1423 503 1489 mirabilis
526 1423 578 1489 dei
601 1423 704 1488 uirtus
728 1428 792 1508 est,
816 1424 898 1506 quod
920 1423 968 1489 ita
989 1423 1131 1509 intellegi
1155 1423 1193 1489 ab
1215 1425 1273 1490 he·

140 1529 229 1593 mine
260 1527 446 1610 magnitude
467 1527 605 1593 iustitiae
635 1546 708 1592 suae
738 1545 800 1593 non
830 1529 950 1610 potest,
975 1547 1027 1606 u,
1057 1531 1212 1609 quantum
1234 1529 1274 1594 ael

101 1631 382 1698 noinbeeillitatem
412 1631 582 1695 humanam
612 1631 767 1712 pertinet,
800 1647 897 1712 paene
927 1629 1104 1696 iniustitiae
1139 1633 1275 1714 speciem

139 1735 327 1817 magnitude
360 1733 500 1799 iustitiae
534 1734 648 1799 habere
680 1733 833 1799 uideatur.
873 1736 906 1800 et
939 1735 1009 1799 ideo
1043 1735 1201 1816 apestolus
1236 1735 1276 1801 ad

139 1837 342 1903 indicandam
371 1835 462 1902 nobis
491 1835 689 1920 aliquatenus
713 1837 836 1903 diuinae
859 1836 1089 1903 misericordiae
1109 1837 1275 1902 immensi-

140 1945 244 2006 tatem
276 1942 323 2006 sie
357 1939 417 2007 ait:
455 1943 498 2006 ut
531 1940 622 2024 quid
657 1943 757 2007 enim
791 1939 994 2022 Christus,
1035 1961 1117 2008 eum
1149 1941 1276 2007 adhue

139 2045 258 2129 impii
288 2063 476 2129 essemus,
510 2043 727 2110 seeundum
754 2045 910 2126 tempus
933 2063 999 2127 pro
1022 2045 1158 2127 impiis
1180 2052 1275 2110 mer'-

102 2151 233 2214 natuus
262 2149 345 2215 eat?
378 2151 441 2214 uir
471 2151 572 2214 enim
594 2165 662 2231 pro
685 2145 791 2213 inste
815 2149 900 2231 quis
923 2150 1104 2215 meritur.
1140 2145 1328 2215 ostendit48

137 2252 281 2336 profesto
311 2249 401 2317 nobis
432 2269 494 2316 una
523 2251 582 2315 hae
612 2251 765 2316 sententia
795 2250 946 2332 pietatem
976 2251 1035 2316 dei.
1070 2270 1143 2317 nam
1171 2251 1199 2317 si
1221 2252 1275 2318 uix

137 2357 227 2422 ullus
247 2373 303 2437 pro
326 2373 450 2421 summa
471 2353 595 2419 institia
623 2357 756 2419 mortem
786 2353 933 2436 suscipit,
962 2353 1108 2436 probauit
1131 2353 1275 2420 Christus

136 2462 295 2544 quantum
323 2457 513 2543 praestiterit
534 2476 591 2542 pre
613 2459 721 2523 nostra
749 2455 916 2539 iniquitate
939 2457 1107 2523 moriendo.
1141 2457 1195 2522 sed
1219 2476 1275 2522 uun

136 2564 200 2628 hoe
230 2561 338 2627 feeerit
368 2561 528 2640 deminus,
559 2561 671 2626 statim
693 2561 726 2626 in
749 2559 886 2625 subditis
909 2560 999 2624 docet
1022 2562 1141 2626 disens:
1177 2578 1274 2627 eem-

99 2665 303 2732 someudat
323 2666 456 2732 autem
480 2683 589 2730 suam
613 2661 822 2729 earItatem
845 2662 940 2727 deus
961 2662 1002 2728 in
1024 2661 1158 2728 uubis:
1189 2681 1274 2730 nam

136 2769 190 2848 si,
225 2787 308 2834 eum
342 2767 471 2833 adhue
502 2769 732 2850 peccateres
765 2783 957 2844 essemus,
990 2761 1174 2831 Christus
1205 2785 1274 2849 pru

135 2871 253 2937 nobis
282 2871 463 2937 mortuus
491 2871 566 2946 est,
597 2868 724 2934 multo
746 2870 871 2952 magis
892 2867 1023 2950 igitur
1044 2868 1274 2934 iustificati

135 2991 244 3041 nune
274 2975 312 3039 in
344 2975 542 3057 sanguine
574 2971 703 3058 ipsius
733 2972 838 3037 salui
868 2971 1014 3036 erimus
1046 2973 1090 3037 ab
1120 2974 1178 3036 ira
1204 2990 1276 3054 per

135 3079 280 3160 ipsum.
314 3077 372 3142 hoe
394 3077 461 3160 ipso
484 3095 558 3162 ergo
582 3076 796 3152 sommendat,
824 3075 899 3158 qnia
925 3093 980 3157 pro
1002 3074 1108 3157 impiis
1131 3078 1274 3140 mortuus

97 3185 205 3261 aas&
235 3181 362 3246 maioris
392 3179 476 3245 enim
496 3177 593 3262 pretii
615 3181 664 3243 est
686 3177 886 3256 benefitium,
917 3181 998 3260 quod
1020 3179 1201 3260 praestatur
1222 3176 1273 3242 iu·

136 3283 255 3367 dignis.
290 3283 407 3349 ideirco
429 3285 534 3365 itaque
557 3282 621 3347 ait:
653 3281 897 3347 sommendat
926 3299 1034 3346 snam
1061 3281 1273 3347 uanitatem

137 3391 234 3454 deus
266 3389 305 3452 in
340 3386 462 3452 nobis.
500 3389 653 3468 quemodo
690 3384 915 3450 commendati
951 3383 1073 3450 scilieet
1106 3385 1179 3467 quia
1211 3380 1325 3450 non49

245 3625 449 3694 rmmss
554 3625 761 3692 mmm

191 3846 256 3900 let
273 3845 338 3916 quid
355 3845 383 3901 Β
471 3845 660 3900 3existimare
677 3845 706 3900 Β
793 3861 858 3914 erga
876 3857 910 3900 aa
927 3859 990 3915 ergo
1008 3846 1037 3899 A
1053 3861 1125 3901 corr.
1139 3851 1204 3900 nal

137 3933 237 4001 quaest
259 3931 287 3986 A
389 3931 407 3987 5
429 3931 499 3986 Nam
522 3931 569 3987 sed
587 3932 686 4002 priore
708 3929 736 3986 N
760 3931 801 3986 tit.
821 3937 906 4001 parte
931 3945 1015 3986 erasa*
1039 3937 1072 3986 ut
1097 3937 1203 3986 seuere
1228 3932 1272 3986 ui·

137 4018 243 4074 demas
269 4019 327 4073 Iam
354 4020 380 4072 A
510 4019 655 4072 humanam
682 4017 711 4072 Β
733 4033 756 4072 s.
773 4017 792 4071 ts
920 4016 936 4070 ’l
963 4017 1070 4071 intimet
1096 4033 1147 4072 um.
1175 4016 1203 4070 B
1245 4029 1247 4034 ’

136 4105 255 4172 oeuidis;
286 4105 310 4173 (s
333 4108 443 4174 punct.)
471 4103 525 4158 stul
553 4105 642 4172 (colon
668 4109 694 4159 et
720 4103 737 4158 d
764 4103 804 4159 at.
830 4117 866 4160 nt.
892 4104 923 4171 2)
950 4103 979 4157 A
1008 4101 1148 4172 occidisset
1174 4102 1201 4157 B

136 4193 155 4246 8
181 4191 315 4246 mirabilis
345 4207 386 4246 ex·
407 4191 544 4246 miraculis
574 4193 603 4244 A
631 4205 699 4246 eurr.
728 4205 763 4246 na
791 4193 809 4245 2
939 4188 974 4244 12
1002 4187 1214 4244 immensitatem
1242 4185 1270 4243 Β

136 4294 158 4333 s.
177 4279 197 4332 l.
312 4279 347 4334 13
372 4277 439 4346 quid
465 4293 499 4333 ex
523 4277 584 4347 quit
610 4277 638 4330 A
667 4291 799 4334 terrum.
825 4272 862 4332 Β*
962 4275 996 4330 14
1023 4275 1142 4330 somnum
1169 4291 1190 4330 s.
1215 4287 1273 4332 ras.

135 4379 189 4418 sur.
211 4379 231 4416 u
253 4366 282 4418 A
352 4391 355 4396 ·
384 4363 418 4417 16
444 4363 517 4418 ullus
543 4363 590 4442 uix
615 4363 643 4416 A
745 4361 780 4417 22
805 4362 893 4433 magis
916 4361 986 4450 ¹ructet.
1009 4360 1067 4417 s.·t.
1093 4367 1159 4434 post
1184 4361 1272 4432 igitur

135 4450 427 4518 mmAmB

189 4552 269 4607 VIII.
1152 4549 1169 4604 6
