3172 5098
286 492 349 559 296
622 525 625 532 ·
769 491 928 545 Selnieni

233 679 274 746 81
285 698 355 746 eooe
387 681 460 760 iem,
495 697 565 746 eeoe
599 679 738 760 moreris,
773 675 955 764 egressurus
989 681 1027 745 de
1063 679 1155 745 domo
1187 681 1323 763 eorporis
1357 682 1415 760 tui,

284 785 423 850 nesciens
457 801 517 865 quo
550 783 653 848 iturus
686 802 747 867 quo
781 783 981 850 abducendus
1015 781 1055 849 ed
1088 802 1182 866 quem
1216 785 1360 866 poenalia
1382 789 1414 850 et

285 903 380 970 quem
402 891 505 952 taetre
526 887 705 969 rapiendus,
736 886 788 951 oni
809 905 908 951 unum
929 887 1147 952 tantummodo
1170 891 1308 970 superest
1330 889 1416 955 inter

286 1008 430 1073 suprema
451 990 630 1074 perfugium
652 1009 716 1056 uno
731 989 902 1074 effugiendi
916 991 1035 1056 oeterni
1057 991 1138 1075 ignis
1160 991 1288 1074 speoule
1309 992 1413 1071 detur,

285 1094 322 1158 ut
342 1111 397 1177 pro
419 1094 451 1158 te
474 1093 586 1158 offeres
609 1093 719 1158 settim
740 1093 823 1177 quod
845 1095 879 1159 in
901 1093 1080 1160 substantie
1103 1093 1208 1172 hebes,
1232 1095 1304 1177 quie
1326 1096 1412 1160 eliud
1439 1116 1453 1158 s

284 1199 365 1280 q'uod
399 1198 500 1280 possis
530 1198 587 1262 deo
618 1197 728 1262 offerre
758 1198 821 1262 iem
843 1214 906 1262 non
928 1196 1041 1264 hebes:
1075 1199 1107 1262 et
1129 1197 1166 1260 tu
1187 1197 1345 1262 inmemor
1367 1200 1414 1262 tui

284 1301 401 1366 oblitus
425 1299 539 1367 salutis
561 1305 644 1378 tues,
667 1302 704 1363 de
728 1299 887 1380 legatoriis
902 1299 993 1388 nouis
1009 1300 1126 1382 negites
1142 1300 1180 1364 de
1196 1299 1415 1383 locupletando

232 1404 396 1472 82herede
419 1403 567 1486 suspires.
599 1405 630 1468 et
653 1402 729 1467 hoec
751 1402 869 1468 fooiens
891 1399 1021 1468 eredere
1036 1403 1068 1468 to
1090 1401 1241 1468 iuditium
1256 1403 1308 1467 dei
1324 1403 1414 1481 diois,

284 1509 339 1592 qui
360 1508 429 1588 tibi,
454 1525 525 1572 oum
547 1506 730 1572 iudicandus
753 1507 807 1583 eis,
830 1507 882 1572 nel
905 1506 988 1572 inter
1011 1525 1157 1591 suprema
1179 1523 1239 1571 non
1254 1508 1416 1572 consulis?

285 1614 319 1676 et
341 1610 466 1676 eredere
488 1612 520 1674 te
544 1609 662 1692 aliquid
684 1611 722 1674 de
744 1608 846 1675 salute
862 1609 983 1674 enimes
1006 1613 1079 1676 tuoe
1100 1609 1246 1692 loqueris,
1271 1612 1320 1675 oui
1343 1610 1453 1678 nul-ro

283 1716 343 1780 lus
363 1716 411 1779 est
440 1713 546 1778 anime
566 1715 622 1778 tue
650 1712 754 1789 uilior,
786 1713 869 1795 opud
892 1732 984 1796 quem
1007 1732 1101 1798 prope
1125 1729 1185 1778 non
1207 1713 1341 1778 interest
1364 1717 1416 1780 oui

283 1817 392 1901 prosis,
416 1817 583 1882 dummodo
599 1820 635 1880 ut
656 1814 717 1880 tibi
735 1817 867 1881 noceas?
889 1819 921 1881 et
936 1817 1059 1882 eredere
1074 1816 1106 1881 te
1122 1816 1263 1882 futurum
1277 1817 1416 1882 iudioem

284 1921 373 1997 diois,
406 1920 489 2003 apud
522 1937 616 2004 quem
650 1920 757 1986 nulius
788 1923 835 1985 est
868 1920 971 1986 minor
1000 1923 1095 2004 atque
1124 1919 1298 2003 despectior
1320 1937 1415 2002 quem

283 2025 349 2107 ipse
370 2023 483 2089 iudex?
520 2041 594 2088 nam
615 2024 649 2089 in
677 2026 803 2089 tentum
826 2043 898 2090 eum
920 2026 1042 2106 spernis
1064 2026 1098 2089 in
1121 2025 1246 2090 tentum
1268 2023 1414 2106 despiois,

283 2127 321 2192 ut
343 2145 399 2192 nee
421 2125 548 2190 tibimet
570 2126 632 2210 ipsi
655 2128 809 2204 eonsules,
839 2127 1007 2194 dummodo
1029 2131 1094 2194 eius
1118 2127 1200 2192 iusso
1221 2128 1454 2194 contemnuere

232 2229 275 2297 83
284 2229 340 2295 aut
371 2228 479 2294 refelle
511 2248 562 2293 me
596 2234 628 2293 et
661 2229 820 2308 oonuinoe,
854 2231 881 2294 si
913 2231 1056 2296 mentior.
1100 2230 1217 2294 elamet
1250 2228 1315 2293 tibi
1345 2245 1417 2294 eooe

284 2333 431 2399 morienti
464 2332 541 2416 ipso,
575 2333 630 2416 qui
652 2337 684 2398 te
706 2332 900 2398 iudicaturus
928 2335 977 2398 est
1010 2333 1103 2398 iudex
1133 2334 1216 2410 tuus,
1250 2350 1289 2396 ne
1311 2331 1416 2397 ullum

283 2439 408 2502 omnino
442 2435 600 2502 hominem
629 2440 662 2503 in
691 2436 894 2518 prorogandis
928 2438 1019 2502 rebus
1049 2455 1086 2502 eo
1112 2435 1316 2501 fooultotibus
1351 2435 1397 2498 t'

283 2542 355 2623 plus
378 2559 472 2623 quem
494 2542 525 2604 te
548 2558 644 2618 emes,
674 2558 713 2605 ne
735 2538 794 2605 ulli
818 2539 855 2604 de
877 2539 1056 2605 substantie
1078 2541 1134 2604 tua
1154 2541 1290 2604 moriens
1312 2539 1415 2621 magis

283 2662 378 2726 quem
411 2643 470 2708 tibi
504 2642 656 2720 eonsules,
692 2642 817 2706 nullum
847 2641 907 2707 tibi
937 2644 1044 2707 anime
1072 2645 1129 2707 tua
1160 2641 1455 2724 propinquioremso

284 2746 408 2811 nullum
429 2745 548 2811 iudioes
572 2747 730 2812 cariorem.
765 2745 859 2828 quid
882 2748 985 2810 enim
1007 2745 1203 2828 proderit,
1227 2745 1330 2827 inquit
1353 2744 1415 2810 sel-

283 2852 383 2927 uotor,
414 2849 566 2914 homini
595 2847 629 2914 si
658 2850 840 2914 lueretur
868 2849 1051 2915 mundum
1081 2851 1209 2914 totum
1232 2849 1270 2912 et
1292 2849 1416 2913 detri-

284 2954 460 3017 mentum
490 2952 617 3018 faeiat
643 2955 792 3018 animae
815 2957 929 3019 suae?
962 2957 1029 3018 eut
1052 2952 1146 3035 quid
1168 2951 1281 3016 dabit
1302 2951 1417 3016 homo

232 3055 633 3124 &commutationem
662 3075 731 3140 pro
761 3057 890 3123 anime
916 3059 1005 3122 sue?
1041 3057 1098 3121 hoo
1121 3057 1169 3120 est
1191 3055 1306 3120 dioere:
1341 3055 1417 3137 quid

285 3158 356 3241 tibi,
379 3177 397 3225 o
419 3157 636 3226 infelicissime
665 3161 767 3239 homo,
802 3160 948 3244 proderit,
983 3160 1010 3223 si
1033 3153 1156 3224 omnem
1186 3160 1338 3222 mundum
1360 3157 1455 3222 autre

284 3264 349 3345 ipse
382 3261 498 3328 hebens
531 3266 585 3327 eut
618 3262 682 3328 tuis
715 3261 863 3346 proximis
893 3261 1097 3344 derelinques,
1133 3263 1159 3325 si
1186 3261 1299 3326 salutis
1320 3261 1415 3344 etque

286 3365 408 3430 enimes
423 3365 613 3430 detrimenta
628 3363 781 3449 petieris?
804 3364 920 3429 demna
934 3366 1017 3429 enim
1034 3366 1156 3429 enimes
1172 3365 1275 3428 totum
1290 3365 1417 3445 penitus

388 3515 419 3569 21
440 3515 539 3571 Meton.
559 3518 600 3584 16,
617 3519 652 3572 26

338 3654 351 3706 1
380 3655 492 3709 moreris
518 3656 574 3710 AB
601 3655 647 3724 (of.
665 3662 690 3722 5.
709 3660 746 3712 85
772 3657 827 3711 iem
854 3657 1006 3724 morienti):
1036 3655 1156 3710 morieris
1179 3656 1349 3724 pronomine

284 3739 302 3792 2
327 3755 379 3808 quo
403 3739 573 3797 abducendus
596 3759 631 3798 er
652 3743 723 3813 quod
745 3742 907 3799 ebdioendus
925 3759 994 3799 corr.
1013 3759 1048 3797 m.
1066 3743 1132 3797 213
1233 3743 1252 3797 4
1276 3757 1419 3812 supraema

284 3825 341 3878 AB
444 3827 551 3896 sperula
574 3829 690 3898 oortpeo':
716 3829 835 3898 speioule
851 3829 1061 3892 ABHotmo'um
1088 3845 1127 3883 oro
1143 3829 1223 3896 sorte
1245 3828 1367 3898 eperoule
1385 3833 1418 3884 rot

284 3911 525 3967 resoule=rerule
542 3913 630 3982 prode
642 3915 701 3970 reid.
715 3914 782 3972 Iud.
796 3914 882 3969 ΗΜ
979 3914 1110 3969 broltem
1128 3920 1155 3969 ot
1172 3914 1265 3970 entim
1282 3914 1364 3970 hebes
1383 3931 1418 3970 eor

285 3997 377 4052 saltim
395 4004 422 4053 et
439 3998 517 4054 hobis
534 4015 605 4054 corr.
622 4004 690 4057 Μ
707 4003 734 4056 A
833 4002 848 4056 ‘1
866 4002 991 4070 loeuplet.
1010 4017 1043 4056 eor
1060 4002 1159 4070 looopl.·
1173 4015 1244 4056 oorr.
1255 4004 1324 4059 ort
1340 4002 1367 4055 A
1385 4007 1418 4056 ot

283 4097 349 4138 more
365 4083 468 4154 aliquid
485 4100 519 4140 es
537 4085 636 4154 eliquit
738 4088 772 4143 13
790 4087 933 4156 dispeetior
951 4093 977 4142 et
994 4103 1057 4142 moro
1075 4086 1184 4157 diepiois
1202 4088 1231 4142 A
1247 4093 1275 4142 et
1292 4087 1363 4156 dorp.
1383 4103 1418 4141 eso

284 4167 355 4237 disp.
372 4185 441 4224 eorr.
455 4173 523 4226 Μ
540 4171 569 4225 Β
664 4173 697 4227 15
714 4173 758 4228 n&
773 4188 795 4228 o.
812 4189 863 4228 eor.
882 4187 911 4230 eo
927 4175 994 4228 ore
1010 4173 1037 4226 A
1133 4173 1166 4226 18
1183 4172 1317 4227 hominem
1335 4174 1418 4239 A(t):

284 4252 421 4310 hominnm
438 4257 466 4311 B
485 4263 512 4312 et
529 4257 590 4314 edd.
608 4272 672 4313 eron
683 4259 796 4314 Halmio
814 4260 862 4328 poi
872 4260 944 4314 nomo
955 4259 1050 4314 adnot.
1149 4257 1418 4328 praerogandis&-

160 4332 162 4348 '
284 4341 436 4397 rer-rome
529 4344 645 4415 nequir
658 4351 758 4414 pene.
776 4345 804 4399 m
822 4353 848 4400 er
865 4362 887 4400 s.
900 4361 951 4402 sor.
962 4349 1030 4401 Μ
1048 4362 1090 4399 am
1108 4346 1164 4400 AB
1181 4346 1225 4400 ote
1237 4353 1263 4400 er
1274 4351 1297 4410 t.
1312 4349 1348 4400 er

284 4426 320 4480 25
336 4425 513 4483 infilioissime
530 4432 556 4484 A
659 4435 737 4486 omno
755 4445 789 4486 eor
806 4431 899 4486 omnin
917 4446 987 4486 corr.
1005 4449 1039 4488 m.
1058 4436 1076 4486 2
1095 4433 1122 4486 B
1355 4450 1358 4464 ¹
