3134 5098
259 449 299 515 14
741 443 898 497 Saluiani

257 637 411 720 scriptura
444 635 548 700 dicit?
586 635 779 699 formauit
816 635 941 718 igitur
980 634 1072 698 deus
1109 633 1304 698 hominem
1341 632 1385 696 de

256 742 349 807 limo
373 740 503 804 terrae
526 741 562 803 et
584 737 808 820 inspirauit
828 739 868 802 in
888 727 975 802 ¹eum
998 737 1241 820 spiraculum
1264 737 1383 803 uitae.

176 919 179 924 .
256 847 287 910 et
309 845 383 926 quid
404 843 536 926 postea?
559 841 710 924 posuit,
734 841 844 923 inquit,
870 859 954 905 eum
978 840 1016 905 in
1040 840 1224 923 paradiso
1249 840 1386 924 uolup-

255 947 368 1013 tatis.
400 945 475 1027 quid
499 945 666 1026 deinceps?
690 944 777 1008 dedit
793 943 913 1009 scilicet
929 944 1041 1026 legem,
1065 944 1238 1028 praeceptis
1254 943 1382 1024 imbuit,

256 1050 368 1114 instiut
370 1050 452 1115 tione
486 1048 646 1114 formauit.
685 1049 759 1131 quid
794 1049 899 1112 autem
933 1049 1003 1129 post
1036 1047 1113 1112 baec
1141 1047 1284 1113 secutum
1316 1051 1362 1113 est
1348 1049 1422 1112 tie

241 1152 415 1236 praeteriit
447 1152 539 1217 homo
568 1151 753 1217 mandatum
783 1169 917 1230 sacrum,
948 1151 1140 1216 sententiam
1162 1149 1261 1215 subiit
1247 1153 1386 1232 t,·para

203 1265 245 1331 28
255 1257 357 1321 drsum
379 1255 526 1339 perdidit,
550 1271 683 1338 poenam
707 1254 846 1319 damnat
823 1254 917 1320 tronis
941 1253 1069 1337 excepit
1104 1255 1173 1336 quis
1196 1271 1257 1318 non
1281 1255 1313 1318 in
1336 1255 1416 1319 his

203 1359 454 1425 omnibuset
476 1359 717 1444 gubernatorem
741 1359 832 1423 deum
849 1357 1204 1424 uideatetiuuioemr
1221 1375 1321 1424 consi
1296 1358 1385 1423 tituit

254 1464 338 1528 enim
361 1462 501 1528 Adam
493 1481 525 1527 ιιι
554 1463 695 1545 paradiso
725 1462 932 1540 innocentem,
964 1460 1089 1544 expulit
1114 1480 1211 1526 reum.
1250 1460 1283 1526 in
1310 1479 1386 1527 con-

255 1567 421 1632 stitutionc
442 1567 596 1636 ordinatio
619 1565 710 1646 est,
701 1585 734 1629 1n
759 1565 937 1648 expulsione
959 1563 1122 1630 iudicium.
1155 1566 1276 1648 quando
1300 1565 1420 1630 enimn

251 1659 327 1735 'eum
350 1671 382 1739 in
404 1665 470 1735 loco
493 1668 667 1758 uoluptatis
690 1667 805 1751 posuit,
829 1667 997 1748 ordinauit,
1023 1668 1144 1750 quando
1166 1671 1272 1734 autem
1295 1685 1384 1732 reum

254 1776 292 1840 de
321 1779 414 1856 regno
443 1772 577 1855 expulit,
605 1771 770 1837 iudicauit.
809 1791 882 1855 ergo
911 1772 968 1837 hoc
991 1771 1150 1854 deprimo
1178 1771 1320 1852 homine,
1351 1771 1384 1837 id

254 1878 301 1942 est
324 1878 362 1942 de
383 1880 480 1960 patre.
505 1876 580 1959 quid
604 1877 641 1942 de
664 1875 808 1954 secundo,
840 1877 871 1941 id
895 1876 944 1941 est
966 1876 1005 1941 de
1027 1875 1116 1940 filio?
1145 1875 1383 1958 factumest,

253 1980 356 2063 inquit
390 1981 546 2063 scriptura
579 1998 683 2056 sacra,
718 1982 809 2064 post
838 1980 984 2044 multos
1017 1980 1116 2058 dies,
1153 1982 1192 2044 ut
1215 1979 1384 2044 offerret

191 2147 196 2160 ,
254 2081 346 2148 Cain
380 2082 424 2147 de
461 2083 667 2148 fructibus
705 2085 836 2148 terrae
873 2101 1035 2148 munera
1073 2084 1237 2148 domino.
1283 2083 1419 2148 Abelre

254 2205 399 2268 quoque
429 2185 577 2252 obtulit
608 2188 651 2252 de
685 2185 886 2270 primitiis
921 2186 1057 2270 gregis
1088 2187 1149 2252 sui
1176 2187 1279 2251 etde
1303 2187 1383 2253 adi-

253 2289 365 2370 pibus
388 2291 481 2356 cius.
521 2292 560 2356 et
582 2289 760 2373 respexit
782 2289 968 2356 dominus
992 2290 1038 2356 ad
1058 2291 1155 2356 Abel
1179 2291 1218 2355 et
1239 2291 1283 2355 ad
1307 2310 1384 2355 mu·

252 2411 345 2458 nera
377 2393 478 2474 eius,
511 2395 556 2459 ad
579 2392 673 2460 Cain
707 2387 798 2460 uero
828 2398 865 2459 et
889 2393 933 2458 ad
968 2412 1131 2459 munera
1165 2394 1280 2458 illius
1309 2411 1382 2459 non

200 2499 434 2580 ibrespexit.
472 2498 657 2582 priusquam
680 2500 717 2563 de
741 2497 932 2562 euidentiore
956 2498 1071 2565 iudicio
1096 2499 1146 2564 dei
1171 2499 1282 2578 dicam,
1306 2484 1381 2580 puto

253 2603 334 2684 quod
358 2601 454 2666 etiam
476 2601 508 2665 in
532 2601 580 2665 bis
604 2619 682 2683 quae
705 2601 770 2665 iam
793 2599 928 2666 diximus
951 2603 1103 2683 quaedam
1121 2620 1252 2666 censura
1273 2600 1418 2668 ludiciiro

253 2708 315 2788 est;
338 2703 370 2768 in
385 2703 442 2769 hoc
458 2704 552 2778 enim,
577 2703 658 2786 quod
682 2703 774 2768 unius
796 2704 982 2774 sacrificium
1005 2707 1079 2770 deus
1103 2705 1235 2787 suscipit
1250 2704 1381 2771 alteriue

254 2807 404 2886 excludit,
435 2805 668 2871 euidentissime
699 2807 805 2888 utique
829 2809 859 2870 et
883 2806 921 2872 de
942 2807 1035 2872 unius
1058 2808 1182 2874 iustitia
1204 2811 1236 2872 et
1258 2808 1296 2872 de
1319 2807 1381 2873 ini-

253 2911 373 2994 quitate
404 2911 534 2975 alterius
565 2909 727 2975 iudicauit.
766 2912 822 2975 sed
851 2910 910 2976 hoc
941 2929 1051 2993 parum
1083 2912 1142 2977 est.
1162 2909 1256 2996 *Cain
1283 2911 1382 2994 igitur

252 3015 357 3078 futuro
388 3013 515 3079 facinori
544 3014 629 3078 uiam
660 3013 804 3078 sternens
835 3013 965 3078 fratrem
989 3014 1022 3078 in
1045 3014 1248 3079 solitudinem
1272 3015 1380 3093 trahit,

252 3118 378 3182 secretis
401 3115 670 3199 patrocinantibus
695 3116 795 3181 scelus
817 3115 957 3200 peragit,
981 3115 1187 3201 impiissimus
1209 3119 1326 3200 pariter
1350 3120 1417 3187 stre

252 3221 473 3301 stultissimus,
505 3220 558 3304 qui
588 3220 627 3285 ad
657 3221 898 3304 perpetrandum
928 3221 1100 3287 maximum
1129 3221 1213 3288 nefas
1240 3223 1381 3288 sufficere

252 3323 314 3388 sibi
343 3323 493 3406 credidit,
525 3325 553 3390 si
574 3327 717 3408 aspectus
747 3324 864 3389 uitaret
893 3323 1055 3390 hominum
1084 3324 1296 3391 fratricidium
1324 3327 1380 3392 deo

252 3428 332 3492 teste
356 3426 504 3493 facturus.
542 3427 623 3493 unde
646 3433 731 3512 puto,
756 3427 838 3510 quod
860 3427 937 3492 haec
958 3427 991 3492 in
1014 3426 1068 3493 illo
1093 3428 1155 3494 iam
1177 3432 1253 3495 tunc
1275 3430 1379 3512 opinio

251 3530 346 3596 fuerit
375 3550 452 3613 quae
481 3533 616 3596 nuncin
640 3530 751 3596 multis
781 3535 844 3615 est,
875 3532 969 3596 deum
991 3531 1110 3598 scilicet
1134 3533 1296 3598 terrestria
1319 3553 1379 3600 non

250 3635 401 3716 respicere
432 3635 464 3700 et
499 3637 586 3700 actus
621 3633 842 3700 sceleratorum
876 3633 1039 3700 hominum
1073 3654 1134 3702 non
1170 3637 1285 3702 uidere.
1324 3657 1414 3705 noceo

250 3738 380 3804 dubium
403 3741 459 3820 est,
484 3757 554 3804 cum
570 3741 639 3821 post
657 3738 777 3803 facinus
795 3739 968 3804 admissum
984 3738 1034 3804 dei
1050 3757 1192 3805 sermone
1209 3743 1378 3806 conuentus

354 3944 367 3997 l
388 3944 452 4000 Gen.
471 3944 495 4008 2,
515 3943 529 3995 7
634 3944 650 3997 3
668 3941 734 3996 Gen.
753 3942 778 4007 2,
796 3944 813 3996 8
918 3943 949 3997 13
968 3943 1032 3997 Gon.
1051 3944 1076 4009 4,
1094 3945 1162 4014 seq.

301 4115 394 4168 deum
413 4114 503 4183 inquit
521 4114 548 4167 B
652 4114 884 4184 idampnationis
902 4116 930 4169 A
1023 4115 1052 4170 iu
1070 4080 1165 4172 om.A
1268 4119 1376 4173 9reum

249 4205 282 4254 eii
305 4200 333 4254 B
437 4201 469 4255 19
496 4200 657 4254 euidenciori
685 4200 713 4253 B
817 4200 851 4254 20
873 4201 955 4256 etiam
980 4201 1050 4270 quod
1074 4203 1102 4256 Β
1206 4203 1238 4257 21
1262 4205 1377 4272 suscepit

249 4287 277 4340 Β
381 4286 414 4340 22
432 4287 558 4342 etunius
577 4286 604 4340 Β
621 4289 683 4355 (om.
702 4286 744 4355 de)
848 4287 882 4342 24
905 4287 1051 4342 solitudine
1074 4289 1102 4342 Β
1206 4289 1240 4344 26
1258 4289 1377 4346 sulficere

249 4373 289 4428 bo's
306 4373 333 4427 A
350 4379 413 4428 cal
518 4373 551 4427 27
569 4376 679 4443 aspectu
697 4373 738 4428 sui
759 4374 833 4428 daret
850 4374 898 4428 sod
915 4378 927 4428 t
946 4390 1006 4443 sup.
1027 4373 1044 4428 d
1061 4374 1150 4431 odeor.
1169 4379 1236 4434 m.2
1254 4377 1280 4430 A
