3178 5100
520 487 560 542 ad
578 488 755 542 ecclesiam
778 489 793 542 Ι
811 494 826 554 ς
845 490 956 544 55-61.
1241 491 1305 557 243

174 697 242 744 Μ’
266 669 415 747 barbaras
443 677 660 762 indigentibus
688 680 776 760 quasi
805 693 948 744 nummos
976 680 1049 743 dere
1078 683 1133 744 eut
1164 680 1198 744 in
1226 699 1304 762 pau·

171 775 284 868 parunt
313 775 410 865 stipes
439 781 552 848 diffuse
574 782 664 865 longe
688 801 723 847 ac
745 783 811 848 late
834 799 929 866 regne
951 785 1139 848 conuertere.
1169 787 1209 847 -ct
1236 783 1305 850 ideo

173 873 521 968 propheta'‘pecccta'
536 886 639 968 inquit
661 876 741 950 ‘tue
762 885 802 950 in
824 879 1113 951 misericordiis
1135 882 1304 965 redime,

173 991 235 1055 hoc
254 990 324 1054 ectr
343 1004 454 1054 eurum
477 989 516 1053 da
537 989 758 1072 indigentibus,
781 989 855 1073 quia
877 1009 939 1055 non
960 994 1048 1073 potes
1062 1008 1193 1074 rognum
1209 989 1304 1055 dare:

147 1092 357 1160 eiacultctenr
381 1089 544 1172 distribue,
567 1093 641 1175 quia
662 1095 851 1178 potestatem
875 1113 937 1160 nen
953 1097 1038 1160 ualee
1060 1099 1241 1178 prorogare:
1264 1111 1303 1160 ac

172 1213 228 1279 per
256 1196 313 1260 hoc
346 1195 472 1262 uidetur
499 1197 636 1275 iussisse,
670 1197 707 1262 ut
725 1200 840 1263 'totum
868 1202 969 1277 daret,
1004 1215 1096 1280 quem
1119 1197 1178 1263 hcc
1198 1197 1326 1264 sclum-

172 1317 232 1366 ncu
255 1299 350 1364 lussit
369 1294 567 1382 distribuere,
592 1300 758 1384 quodncn
781 1303 903 1384 poterat
926 1317 1062 1384 erogare.

214 1419 287 1485 XII.
319 1419 560 1505 Exaggcremus
574 1421 653 1486 forte
669 1441 736 1486 rem
751 1422 855 1488 uerbis
872 1426 903 1488 et
919 1423 1014 1488 nimis
1030 1420 1092 1487 alte
1109 1422 1302 1486 attollimus:
1314 1428 1356 1494 59

172 1522 334 1588 uideamus
358 1521 429 1606 ergo
451 1525 484 1589 id
507 1525 609 1608 ipsum
633 1525 723 1608 quale
748 1525 799 1590 sit.
830 1529 1008 1608 peccata,
1022 1524 1150 1608 inquit,
1175 1527 1241 1590 tua
1263 1524 1304 1588 in

17 1625 18 1680 ἶ
138 1623 462 1692 remisericcr‘diis‘
485 1625 640 1691 redime.
680 1628 754 1709 quid
777 1629 824 1693 est
847 1625 1153 1711 aliqua'redime'rei
1185 1632 1302 1710 opinor,

173 1729 309 1812 pretium
331 1747 434 1794 rernm
457 1749 534 1814 quae
557 1729 756 1796 redimuntur
780 1732 862 1796 dare.
894 1750 956 1796 non
979 1749 1192 1814 quaeroquae
1215 1733 1302 1796 illius

173 1832 254 1916 regis
277 1837 405 1920 peccata
427 1833 560 1899 tuerint:
582 1837 650 1918 ipse
673 1837 752 1900 sciat
768 1835 879 1917 quanti
894 1829 1036 1900 debuerit
1054 1835 1205 1900 redimere
1221 1853 1301 1918 quae

174 1935 255 2000 iecit.
281 1941 325 2026 te
353 1935 511 2019 adloquor,
541 1939 628 2003 euius
651 1955 746 2003 cauea
769 1941 826 2019 est,
860 1942 892 2002 te
916 1938 1057 2022 appelle,
1080 1939 1167 2002 cuius
1191 1938 1305 2004 discri-

172 2058 244 2104 men
271 2039 387 2124 agitur.
425 2041 483 2106 hoc
505 2041 609 2120 facito,
639 2042 720 2125 quod
736 2040 901 2125 propheta
924 2040 1019 2106 dixit:
1051 2045 1215 2126 peccata
1237 2043 1305 2106 tua

139 2143 212 2207 cin
246 2143 539 2209 misericordiis
572 2145 751 2210 redimes
780 2145 845 2210 noli
878 2148 1003 2211 tantum
1039 2145 1095 2210 deo
1131 2147 1305 2228 relinquere

173 2247 326 2330 quantum
355 2247 459 2326 habes,
492 2249 518 2313 si
545 2265 599 2332 pro
631 2249 767 2329 peccatis
798 2247 861 2312 tuis
893 2251 1103 2312 necessarium
1125 2267 1187 2312 non
1210 2251 1303 2332 putas

173 2353 326 2434 quantum
347 2352 452 2420 habes.
490 2355 622 2418 aestima
645 2351 886 2436 diligentissime
910 2351 1017 2432 culpas
1041 2355 1123 2432 quae'
1137 2350 1357 2428 admisisti‚60

173 2455 306 2520 aestima
339 2459 537 2536 pennatorum
572 2441 790 2520 diuersitates:
827 2455 898 2519 uide
932 2453 1006 2536 quid
1039 2471 1094 2537 pro
1129 2454 1301 2520 mendaciis

173 2561 284 2624 debeas
317 2559 391 2640 qnid
421 2577 475 2640 pro
506 2557 681 2623 maledictis
712 2557 805 2640 atque
834 2555 988 2641 periuriis,
1023 2556 1101 2639 quid
1119 2573 1172 2640 pro
1197 2557 1304 2641 negle-

138 2663 290 2746 ecgentiis
314 2664 540 2747 cogitationum
564 2663 638 2745 quid
660 2681 714 2745 pro
738 2663 908 2746 inpunitate
931 2677 1120 2741 sermonum,
1150 2662 1224 2745 quid
1248 2681 1304 2746 pro

174 2767 259 2830 omni
282 2765 413 2847 denique
436 2765 539 2831 malae
562 2765 735 2831 uoluntatis
758 2765 879 2829 affectu.
918 2765 995 2830 adde
1017 2769 1172 2848 postremo
1196 2765 1303 2850 etiam,

173 2872 198 2934 si
227 2869 334 2955 alique
362 2870 399 2934 de
428 2869 479 2933 his
509 2866 593 2934 intra
627 2867 847 2934 conscientiam
880 2871 968 2933 tuam
1002 2871 1085 2948 sunt,
1121 2869 1158 2934 de
1192 2861 1305 2952 quibus

173 2973 329 3057 apostolus
352 2971 439 3055 dicit,
469 2969 623 3038 adulteria
645 2971 874 3056 fornicationes,
898 2971 1103 3054 inpudicitiae
1126 2971 1305 3052 ebrietates,

174 3075 365 3141 inmunditia
388 3079 442 3142 deo
466 3091 556 3140 exosa
579 3075 713 3140 auaritia
740 3072 903 3139 idolatriae
926 3074 1052 3153 famula,
1083 3077 1205 3158 etpost
1230 3077 1304 3142 haec

140 3178 281 3263 malique
313 3177 394 3244 forte
427 3177 560 3260 crimina
594 3179 689 3244 etiam
722 3173 760 3242 de
791 3179 920 3244 humani
958 3177 1119 3262 sanguinis
1137 3185 1139 3188 ’
1155 3178 1304 3245 effusione

173 3283 341 3348 contracta.
382 3301 513 3366 cumque
544 3283 689 3348 omnium>
715 3281 943 3366 supputeueris·
960 3300 1134 3366 numerum,
1166 3285 1303 3367 expende
1314 3283 1355 3350 61

174 3387 275 3470 pretia
302 3377 505 3469 singulorum.
545 3387 668 3469 etpost
696 3383 772 3450 haec
801 3404 861 3452 non
884 3403 1005 3468 quaero,
1036 3388 1071 3450 ut
1092 3404 1147 3468 pro
1171 3389 1304 3470 peccatis

174 3489 237 3554 tuis
267 3489 369 3555 totuni
398 3491 453 3555 deo
483 3489 589 3556 tradas
622 3489 702 3572 quod
734 3489 847 3554 habes:
882 3489 940 3553 hcc
968 3488 1085 3554 solum’
1100 3491 1193 3556 redde
1223 3491 1304 3573 qnod

175 3593 276 3659 debes.
317 3594 394 3659 addo
428 3595 534 3659 autem
567 3598 637 3678 poet
664 3594 726 3658 ista
754 3594 868 3672 omnia,
903 3593 984 3675 quod
1013 3611 1084 3658 cnm
1107 3595 1304 3658 ‘tractareris

138 3695 289 3762 atdeficta
312 3701 368 3762 tua
391 3699 483 3780 atquc
507 3697 671 3780 texaueris,
694 3701 781 3791 teuto
804 3700 873 3783 plns
889 3715 944 3780 pro
968 3697 1058 3762 malis
1083 3698 1146 3788 tuis
1163 3697 1299 3777 debebis,

220 3903 222 3915 .
278 3857 311 3911 23
335 3857 394 3924 Gal.
412 3858 428 3910 5

225 4005 242 4058 5
260 4003 410 4084 distribuuc
428 4006 455 4059 B
474 4012 500 4060 et
514 4012 609 4075 pacet.
629 4023 645 4060 a
662 4005 707 4060 A·
775 4017 916 4074 prerogare
934 4021 967 4061 ac
985 4021 1128 4075 prorogare
1148 4021 1218 4060 cerr.
1235 4017 1263 4059 m
1285 4007 1305 4059 2

174 4089 202 4144 A
314 4089 331 4144 8
357 4087 548 4162 exaggeramus
575 4093 602 4146 B
706 4094 733 4146 et
760 4097 808 4147 om.
836 4091 865 4146 B
953 4093 1054 4147 nimis
1084 4092 1140 4145 alte
1167 4094 1194 4145 A
1221 4091 1305 4160 (quod
1359 4101 1361 4109 '

175 4175 428 4250 Halotiwrrfecpit):
447 4178 594 4232 altenimis
613 4177 641 4232 B
679 4193 681 4202 ⁴
722 4177 752 4232 11
772 4173 905 4247 praetium
922 4179 1110 4242 autemnon
1130 4177 1237 4247 praetia

176 4261 208 4316 13
227 4261 313 4330 apello
332 4263 359 4318 Β
458 4265 490 4318 li
508 4253 801 4319 aestima-admisisti
819 4281 853 4318 m.
872 4267 891 4318 2
910 4266 942 4319 tec
959 4280 1041 4333 marg.
1062 4263 1089 4317 Β
1190 4265 1222 4318 18
1240 4261 1307 4332 quid

176 4363 210 4401 ecc
233 4348 304 4416 quod
327 4364 398 4404 corr.
416 4353 489 4404 Μ
512 4352 539 4403 Α
642 4350 675 4403 21
704 4350 775 4404 male
801 4351 828 4404 A
868 4331 872 4346 ’
932 4349 975 4404 24·
992 4347 1180 4403 inmundicitia
1197 4349 1234 4403 ·B

174 4431 208 4485 27
227 4435 329 4502 praetia
347 4436 373 4489 A
478 4435 512 4490 30
530 4437 604 4490 debis
622 4436 650 4490 Β
668 4442 694 4492 et
711 4452 778 4492 corr.
797 4440 867 4491 Μ
895 4434 1003 4490 debebis
1021 4437 1048 4488 A

1149 4538 1203 4592 16*
