3132 5096
463 465 501 522 de
518 467 655 537 gubern.
672 467 727 523 dei
744 467 804 524 1111
822 471 838 534 5
855 467 966 522 58-64.
1234 469 1275 536 87

147 677 204 745 pos
228 660 295 725 sine
324 661 554 742 comparatione
581 657 742 724 meliores:
775 660 927 742 quantum
951 657 991 722 ad
1013 657 1112 724 uitam
1135 677 1171 725 ao
1192 660 1277 726 uitae

146 765 249 848 actus,
272 762 360 829 doleo
384 781 421 829 ac
442 763 558 847 plango
581 779 647 828 esse
668 763 799 844 peiores.
830 763 974 844 quamuis
990 760 1141 844 idipsum
1158 763 1276 840 tomen,

145 869 184 930 ut
206 869 282 932 ante
304 864 369 931 iam
397 865 548 944 diximus,
582 884 643 931 non
672 865 710 930 do
738 865 823 930 omni
851 865 976 949 penitus
1005 863 1138 931 Rommd
1168 867 1278 950 populi

145 969 355 1036 uniuersitato
378 970 520 1036 dicamus
535 968 709 1052 -excipio
730 969 816 1034 enim
830 967 968 1051 primum
984 986 1090 1034 omues
1105 967 1277 1053 religiosos,
1287 967 1329 1034 62

124 1072 261 1138 sdeinde
289 1073 456 1138 nonnullos
486 1074 582 1140 etiam
610 1072 782 1140 saeculares
810 1070 967 1157 religiosis
994 1089 1085 1155 pares
1107 1077 1172 1151 aut,
1196 1073 1224 1138 si
1246 1073 1279 1137 id
1318 1089 1332 1131 ¹>

145 1176 245 1242 nimis
268 1176 386 1259 grande
408 1177 466 1255 est,
489 1177 596 1259 aliqua
617 1177 724 1242 tamon
745 1175 899 1259 religiosis
927 1175 1128 1240 honestorum
1150 1176 1279 1242 actuum

144 1279 305 1363 probitate
328 1279 505 1346 consimiles
516 1315 558 1328 --
570 1280 687 1346 ceteros
708 1297 781 1345 uero
798 1280 853 1344 aut
867 1296 974 1344 omnes
989 1279 1045 1343 aut
1059 1297 1156 1361 paene
1172 1284 1279 1346 omnes

145 1383 251 1466 magis
278 1401 349 1452 reos
378 1401 444 1448 esse
472 1401 568 1466 quam
594 1382 753 1448 barbaros.
790 1381 850 1448 hoo
878 1386 927 1448 est
956 1382 1064 1448 autem
1092 1382 1279 1450 deteriorem

148 1504 216 1552 esse
238 1487 342 1570 magis
365 1505 455 1554 reum
470 1505 547 1554 esso.
569 1485 675 1570 itaque
690 1485 764 1568 quia
779 1485 923 1552 nonnulli
944 1485 1165 1553 inrationabile
1186 1487 1280 1570 atque

113 1614 139 1656 ro
147 1590 321 1658 absurdum
344 1589 538 1656 arbitrantur
560 1592 596 1654 ut
623 1590 679 1656 aut
694 1589 863 1655 deteriores
878 1591 1010 1655 autnon
1025 1589 1162 1656 multum
1184 1592 1280 1658 etiam

147 1693 294 1760 meliores
317 1692 457 1760 barbaris
479 1693 664 1773 iudicemur,
686 1692 861 1776 uideamus,
884 1697 921 1758 ut
943 1691 1017 1772 dixi,
1041 1697 1171 1776 auique
1186 1695 1279 1761 modo

147 1799 203 1866 aui
231 1796 345 1880 quibus
372 1797 522 1864 barbaris.
559 1815 616 1880 ego
647 1797 732 1861 eninr
754 1798 878 1878 praeter
900 1813 951 1861 eos
972 1799 1192 1862 tantummodo
1214 1795 1334 1864 Ro-db

147 1919 324 1979 manorum,
349 1918 424 1982 quos
446 1901 537 1985 paulo
561 1902 655 1973 antea
676 1899 846 1975 nominaui,
875 1903 993 1966 ceteros
1016 1904 1072 1965 aut
1094 1919 1203 1967 omnes
1224 1906 1279 1968 aut

148 2021 249 2088 paene
276 2023 383 2070 omnes
411 2003 538 2072 maioris
567 2005 673 2068 reatus
701 2001 771 2068 dico
794 2005 827 2067 et
850 2001 1072 2070 criminosioris
1104 2007 1189 2071 uitae
1212 2023 1279 2070 esso

117 2125 246 2190 nquam
268 2106 427 2173 barbaros.
458 2106 601 2172 irasceris
624 2104 756 2172 forsitan
778 2106 832 2189 qui
847 2106 924 2172 haec
945 2107 1025 2190 legis
1040 2107 1073 2172 ot
1095 2109 1281 2176 condemnas

149 2211 277 2295 insuper
303 2229 382 2293 quae
410 2209 501 2293 legis.
538 2227 599 2275 uon
627 2208 748 2292 refugio
777 2227 939 2274 censuram
961 2213 1059 2276 tuam
1098 2211 1280 2296 condemno,

150 2313 176 2380 si
199 2313 345 2393 mentior,
369 2314 550 2388 condemna,
575 2313 603 2378 si
619 2331 680 2379 non
702 2314 881 2396 probauero,
905 2313 1085 2391 eosdemne,
1109 2315 1183 2380 siid
1199 2315 1280 2398 quod

150 2420 259 2484 adsero
281 2434 341 2482 non
364 2415 461 2482 etiam
482 2417 654 2500 scripturas
677 2433 781 2482 sacras
797 2415 908 2482 dixisse
924 2406 1150 2482 monstranero.
1182 2419 1283 2500 igitur
1290 2415 1334 2482 64

151 2520 205 2602 qui
227 2520 376 2586 meliores
397 2537 454 2585 nos
476 2519 578 2586 multo
601 2519 722 2586 cunctis
745 2536 824 2601 quae
846 2523 921 2584 sunt
942 2519 1109 2585 inmundo
1132 2519 1281 2604 gentibus

118 2623 326 2689 aoiudiccmus
348 2622 500 2706 meipso,
531 2623 586 2708 qui
606 2624 763 2689 Romanos
786 2622 855 2687 dico
879 2622 912 2687 in
933 2621 1080 2705 plurimis
1101 2623 1280 2703 deteriores,
1344 2694 1346 2698 ,

150 2727 270 2810 abnego
298 2725 332 2790 in
360 2725 548 2809 quibusdam
576 2744 642 2792 esse
670 2725 826 2791 meliores.
863 2725 932 2790 uita
960 2726 1059 2806 enirn,
1090 2729 1127 2791 ut
1149 2727 1228 2806 dixi,
1250 2729 1283 2803 et

151 2829 285 2912 peccatis
308 2847 417 2896 sumus
440 2830 617 2906 deteriores,
641 2829 710 2912 loge
726 2833 833 2894 autom
851 2829 1008 2896 catholiea
1029 2829 1098 2896 sine
1121 2847 1282 2913 eompara-

151 2933 237 2998 tione
265 2931 422 2998 meliores.
460 2933 514 2998 sed
543 2931 625 2998 illud
648 2930 906 2997 considerandum
929 2935 994 3013 ost,
1017 2933 1107 3015 quia,
1128 2936 1210 3017 quod
1232 2934 1281 2999 lar

152 3033 235 3100 bona
249 3034 307 3112 est,
331 3037 472 3101 nostrum
488 3037 622 3111 nonest,
642 3028 724 3116 quod
741 3037 848 3099 autem
863 3035 947 3100 male
964 3034 1113 3114 uiuimus,
1137 3037 1281 3101 nostrum

120 3140 208 3202 uest.
247 3142 280 3202 ot
300 3137 382 3203 nihil
403 3138 514 3221 utique
537 3137 627 3203 nobis
656 3137 784 3220 prodest
806 3139 887 3220 quod
911 3138 961 3202 ler
985 3140 1032 3204 est
1055 3140 1141 3217 bona,
1164 3138 1191 3203 si
1214 3139 1283 3204 uita

152 3241 260 3305 nostra
282 3241 316 3306 oi
337 3241 531 3308 conuersatio
554 3261 616 3309 non
634 3245 686 3338 ‘est
707 3243 804 3322 bona3
827 3243 878 3308 lex
901 3244 984 3310 enim
1008 3245 1088 3310 bona
1103 3261 1217 3309 munus
1233 3247 1282 3309 est

152 3342 281 3422 chricti,
304 3344 375 3410 nita
395 3350 503 3412 autem
524 3365 585 3412 non
608 3347 689 3412 bona
709 3345 847 3411 criminis
863 3347 971 3412 nostri.
994 3345 1092 3411 immo
1107 3345 1168 3410 hoc
1180 3347 1282 3431 magis

154 3447 324 3530 culpabiles
352 3466 478 3530 sumus,
508 3448 536 3513 si
563 3449 669 3534 legem
696 3450 811 3514 bonam
842 3435 971 3515 colimus
994 3450 1026 3514 et
1047 3446 1125 3513 mali
1147 3449 1288 3514 cultores

203 3719 219 3772 1
247 3719 379 3787 quantum
403 3720 492 3774 autem
517 3720 546 3774 Β
649 3716 736 3774 uitam
760 3735 791 3776 ao
810 3719 868 3787 (scd
884 3736 916 3775 ao
932 3720 965 3776 ia
981 3724 1050 3788 roc.)
1074 3720 1116 3775 A:
1143 3719 1230 3774 uitam
1248 3719 1282 3774 ad

153 3803 178 3857 Β
191 3805 252 3873 (Tr)
275 3805 362 3860 uitam
373 3809 403 3860 ot
413 3806 448 3860 ad
459 3807 491 3861 irs
501 3821 553 3877 nep.
565 3823 583 3862 o
594 3805 778 3862 Brassicromae
797 3807 884 3861 uitam
896 3809 925 3862 ot
937 3805 1066 3861 Halmius
1159 3805 1176 3860 6
1193 3807 1284 3881 aliqua

154 3891 180 3944 B
203 3906 273 3947 corr.
292 3907 326 3946 eor
349 3891 448 3961 aliquis
542 3895 663 3947 ‘actum
688 3892 861 3948 honestorum
887 3891 916 3946 Β
1019 3894 1035 3947 7
1063 3893 1164 3947 ceteros
1191 3893 1282 3946 autem

156 3991 244 4032 omnes
267 3977 295 4032 Β
313 3979 463 4033 m.1itcm
479 3979 575 4033 mutim
597 3994 664 4048 pone
688 3979 775 4033 omnis
879 3978 913 4032 14
936 3978 1045 4033 maioris
1068 3991 1103 4034 ec
1126 3977 1238 4032 maiores
1257 3983 1283 4031 et

155 4064 181 4115 A
205 4069 233 4118 ct
259 4062 287 4117 Β
314 4079 384 4118 corr.
411 4080 446 4122 m.
471 4067 490 4119 2
571 4079 574 4085 ·
619 4063 809 4120 criminosioris
836 4079 871 4120 cx
899 4079 955 4119 -res
981 4065 1009 4119 A
1036 4079 1105 4120 corr.
1131 4079 1165 4117 ra
1194 4065 1214 4117 2
1280 4063 1290 4084 ⁸

155 4147 245 4202 16.st
264 4148 440 4218 condempnas
457 4154 499 4203 tor
516 4149 544 4203 A
571 4149 749 4219 condempnas
766 4155 809 4206 tar
826 4149 855 4204 Β
950 4149 985 4204 20
1002 4147 1166 4216 implurimis
1186 4147 1283 4202 doteri-

156 4233 244 4288 oribus
267 4235 295 4289 A
398 4235 433 4290 23
456 4235 528 4304 quod
551 4252 602 4293 om.
627 4236 655 4292 Β
672 4240 742 4291 m.1
845 4235 881 4290 24
902 4252 956 4291 non
980 4235 1008 4289 B
1024 4251 1046 4290 r.
1064 4236 1081 4290 l.
1185 4234 1220 4289 25
1243 4249 1284 4288 eea

156 4321 225 4374 nihil
241 4321 277 4387 A,
303 4321 574 4388 succenderem
669 4321 1068 4392 repromiseram
1167 4323 1210 4375 est
1227 4335 1283 4384 mu-

157 4408 226 4462 neris
243 4406 271 4461 Β
