3132 5096
453 473 491 528 (le
508 477 643 546 gubern
662 477 715 534 dei
739 477 762 534 V
781 479 797 542 ξ
816 476 926 532 14-19.
1190 479 1251 546 107

116 664 226 732 alium
255 667 334 735 uelit
363 685 430 734 esse
459 665 607 734 teuoemr
643 684 763 734 nouum
794 668 826 734 et
854 665 1086 738 inaestimabile
1114 685 1198 733 nuno
1218 666 1254 732 in

115 769 272 853 plurimis
300 769 420 836 malm
442 770 505 837 oete
534 787 646 853 parum
674 769 765 838 elioui
797 772 846 836 est
874 769 1161 853 uiipseeitleli1‚
1192 769 1255 838 niei

116 873 207 939 alter
229 873 325 942 fuerit
345 873 466 942 infelix.
496 873 561 940 iem
582 891 656 941 nero
671 874 752 941 illud
767 874 869 957 quale,
891 891 985 957 qnam
1009 889 1140 943 saeuum
1161 873 1304 957 quaml'l

118 997 160 1043 ex
185 977 244 1044 heo
265 977 336 1059 ipsa
364 976 528 1062 impietate
556 976 753 1056 ducentiens,
785 994 881 1062 quom
909 977 1048 1044 alienum
1071 991 1090 1044 a
1111 974 1255 1047 bobane

96 1097 223 1164 equam
238 1079 396 1146 familiare
404 1078 567 1164 Romanis,
582 1079 665 1165 quod
676 1098 709 1147 ee
719 1080 857 1147 iuoioem
871 1081 1027 1148 exactione
1042 1080 1254 1162 proscribunt:

119 1187 225 1274 immo
245 1201 308 1250 non
328 1183 477 1250 inuoem:
507 1201 582 1250 nem
604 1183 661 1250 hoo
683 1183 878 1250 tolerabilius
908 1184 1005 1250 ferme
1028 1186 1119 1262 esset,
1149 1184 1177 1250 si
1199 1201 1255 1268 pu·

28 1344 30 1352 ,
120 1289 247 1360 teretur
269 1281 398 1371 quisque
420 1287 504 1372 quot
525 1286 656 1354 fenerat:
685 1285 765 1354 illud
789 1290 838 1354 oet
858 1286 998 1372 grauius,
1022 1288 1104 1369 quod
1125 1286 1256 1370 plurimi

119 1391 364 1477 proscribuntur
385 1410 404 1457 a
426 1391 543 1474 paneis,
573 1391 686 1474 quibus
714 1389 832 1456 exactio
861 1389 990 1474 publiea
1018 1390 1185 1474 peouliaris
1207 1392 1258 1458 est

120 1495 252 1578 praeda,
275 1495 328 1578 qui
342 1493 457 1562 ueulu
479 1493 579 1562 debiti
594 1494 707 1560 titulos
723 1493 845 1562 iaciunt
860 1493 1006 1576 quaestus
1021 1512 1090 1560 esee
1106 1493 1257 1578 priuatos,

86 1616 113 1656 ιο
122 1601 158 1664 et
176 1597 234 1664 hoo
249 1614 312 1664 non
327 1597 444 1663 sommi
459 1598 594 1678 unium,
616 1596 671 1664 sed
685 1615 784 1683 paene
797 1596 909 1677 inimi,
930 1615 993 1665 non
1007 1596 1127 1665 iudioes
1143 1597 1256 1673 solum.

124 1701 183 1767 eod
213 1696 310 1768 etiam
337 1700 495 1771 iudicibus
516 1700 729 1785 obsequentes.
767 1718 848 1784 quae
877 1701 962 1768 eninr
984 1702 1060 1768 eunt
1082 1717 1145 1768 non
1165 1701 1258 1770 modo
1270 1703 1310 1770 18

123 1806 223 1872 urbes
244 1804 299 1871 eod
321 1803 419 1870 etiam
447 1802 621 1887 munioipie
646 1807 741 1888 atque
761 1803 836 1884 ulei,
867 1803 922 1871 ubi
943 1822 1006 1870 non
1028 1805 1105 1886 quot
1126 1805 1259 1876 curiales

125 1907 256 1987 inerint,
278 1907 326 1972 tot
347 1908 472 1990 tyranni
493 1909 590 1974 eunti
612 1925 801 1990 quamquam
824 1906 903 1978 rorte
923 1907 982 1974 hoo
1000 1907 1125 1976 nomine
1147 1910 1258 1992 gratu·

124 2012 251 2087 lentur,
287 2011 362 2101 quie
391 2012 504 2095 potens
538 2014 570 2077 et
602 2010 788 2079 honoratum
820 2028 887 2078 asse
919 2010 1074 2078 uideatur.
1119 2028 1194 2078 nam
1226 2016 1260 2078 ot

93 2115 268 2182 relutronee
288 2115 387 2181 ferme
408 2133 515 2182 omnes
536 2117 673 2200 gaudem
695 2119 727 2180 et
749 2114 936 2199 gloriantur,
964 2114 991 2180 si
1013 2115 1181 2184 atroeioree
1203 2116 1260 2183 eol·

128 2220 262 2284 modum
289 2235 384 2301 quam
411 2221 486 2287 suut
514 2237 584 2285 esse
604 2220 760 2286 dieantur.
798 2217 868 2302 quie
891 2235 975 2302 ergo,
1010 2218 1141 2296 uldini,
1175 2219 1261 2286 loeus

130 2326 192 2402 est,
214 2321 269 2388 nbi
291 2340 353 2387 non
369 2341 388 2388 a
402 2322 627 2406 principalibus
650 2321 816 2390 eiuitatom
832 2322 999 2388 uiduarum
1019 2326 1052 2387 et
1066 2321 1261 2404 pupillorum
1287 2391 1289 2396 ,

130 2425 255 2492 nieoora
287 2425 474 2492 denotentur
504 2430 536 2492 ot
565 2443 637 2492 oum
669 2424 720 2492 his
753 2425 854 2492 ferme
885 2424 1065 2493 sanatorum
1098 2425 1262 2493 omniumr

131 2549 208 2597 nem
230 2529 262 2596 et
291 2528 349 2606 hoe
375 2529 464 2612 quasi
496 2529 608 2596 uiduus
630 2545 666 2596 eo
687 2527 824 2612 pupillos
858 2526 983 2608 habent.
1019 2527 1093 2610 quio
1125 2529 1206 2594 tueri
1229 2545 1262 2594 ee

98 2634 190 2700 seut
220 2650 276 2716 pro
308 2632 411 2712 ¹studio
442 2631 639 2715 professionis
672 2649 748 2698 suae
779 2633 892 2698 nolunt
914 2634 971 2698 aut
999 2647 1055 2714 pro
1082 2630 1263 2700 innocentie

131 2740 227 2819 atque
250 2733 431 2802 humilitate
461 2752 524 2801 non
551 2743 691 2818 possunt.
729 2752 819 2800 nemo
840 2734 947 2819 itaquo
969 2733 1080 2802 horum
1104 2735 1193 2802 tutus
1215 2737 1264 2802 est

133 2857 235 2921 neque
267 2838 326 2904 ulli
357 2838 527 2909 admodum
563 2839 686 2922 praeter
724 2855 864 2906 summos
897 2837 1073 2906 uastatione
1106 2838 1265 2908 latrooiuii

133 2943 312 3029 populantis
335 2941 502 3020 immunes,
530 2942 592 3008 nisi
614 2943 668 3024 qui
690 2941 766 3024 ipsis
795 2941 968 3010 latronibus
990 2959 1089 3025 pares.
1127 2942 1161 3008 in
1182 2941 1265 3008 hene

135 3044 347 3112 oondieionem
368 3045 466 3112 immo
487 3045 522 3112 in
544 3045 602 3112 hoo
623 3045 726 3112 soelne
741 3063 791 3111 ree
813 3045 963 3112 deuolute
984 3048 1040 3124 eet,
1066 3048 1102 3112 ut
1117 3045 1179 3113 nisi
1193 3045 1263 3128 quis

102 3149 239 3216 umatus
262 3135 368 3229 fuerit,
391 3149 498 3220 saluus
521 3167 672 3216 essenon
693 3148 801 3234 possit

130 3305 133 3318 ·
181 3288 218 3354 V.
255 3286 317 3354 Sel
339 3286 487 3354 uidelicet
509 3303 581 3354 oum
602 3289 651 3354 tot
673 3286 747 3368 sint,
771 3288 825 3370 qui
841 3283 936 3354 bonos
951 3287 1088 3368 uastant,
1110 3287 1186 3353 eunt
1200 3283 1265 3351 for·
1276 3288 1317 3356 19

190 3565 206 3618 1
224 3562 387 3633 implorinris
403 3563 432 3617 A
533 3561 552 3616 4
572 3561 623 3617 heo
640 3577 691 3618 om.
709 3560 737 3617 B
840 3561 858 3616 8
875 3559 1030 3615 scribuntur
1047 3561 1075 3613 A
1092 3575 1113 3614 e.
1130 3575 1182 3617 eer.
1199 3561 1267 3614 uest

137 3673 184 3728 pro
288 3657 322 3712 12
343 3660 409 3726 quot
431 3671 465 3712 eu
487 3656 557 3725 quod
580 3659 609 3712 A
630 3671 700 3713 corr.
723 3658 797 3714 Μ
843 3679 846 3686 ·
904 3654 938 3709 13
960 3653 1030 3710 seint
1052 3655 1081 3708 A
1184 3669 1267 3724 quen·

138 3767 220 3823 quem
235 3751 285 3808 loeo
302 3751 358 3813 loeo
375 3751 403 3806 A
506 3750 540 3805 14
562 3752 694 3806 honornti
716 3753 757 3806 A:
783 3748 927 3806 honoratus
949 3749 978 3804 B
992 3747 1123 3804 Halmius
1226 3748 1268 3802 ui·

138 3845 218 3901 detur
234 3846 263 3901 Β
347 3845 381 3900 19
398 3843 763 3912 tuoriueeutlAMoie)
850 3843 885 3898 lu
901 3842 1056 3898 uariatione
1072 3840 1185 3911 Aquod
1196 3843 1267 3897 Hol-

138 3943 223 3998 mo'um
233 3940 322 4012 fouit:
348 3955 365 3995 a
381 3939 534 3995 renouare
551 3940 580 3995 B
664 3939 800 3994 latrocinii
811 3950 845 3993 eu
857 3935 1000 3992 latrocinio
1011 3936 1039 3991 A
1052 3951 1119 3992 oon.
1132 3937 1201 3992 Μ

140 4037 174 4093 23
195 4035 374 4092 immunisB
476 4039 539 4104 poet
556 4035 602 4105 qni
620 4038 648 4090 A
665 4033 731 4090 add:
748 4051 782 4089 m.
800 4049 855 4089 reo.
873 4030 973 4088 ineunt
1075 4029 1161 4100 poree]
1179 4032 1269 4100 partes

140 4131 167 4188 Β
191 4131 286 4202 (pares
309 4129 338 4185 in
360 4131 411 4186 luae
428 4117 591 4186 condicione.
616 4131 699 4186 immo
716 4129 802 4199 uulso
818 4119 1039 4200 interpemys‘tur'
1058 4123 1200 4192 Halmius)

139 4227 214 4295 ‘sort
233 4225 262 4280 iu
279 4225 350 4282 hane
367 4224 555 4280 condicionem'
573 4224 717 4292 Halmius,
741 4222 814 4293 quod
830 4223 952 4292 recipere
969 4236 1026 4276 uon
1044 4217 1181 4286 dubitaui,
1204 4218 1270 4289 quia

93 4317 96 4323 '
142 4321 193 4384 obl.
216 4320 292 4390 serui
317 4335 375 4376 uou
394 4334 474 4390 posse
494 4319 623 4388 uiolatum
651 4324 779 4389 (eduum
804 4317 921 4374 eundem
943 4330 1064 4372 errorem
1086 4315 1168 4371 tubes
1190 4316 1271 4384 tresue

142 4407 175 4479 §J
186 4419 236 4470 ll:
263 4414 292 4468 in
310 4413 361 4470 hoo
377 4415 546 4480 necessitate)
564 4413 593 4468 in
611 4413 663 4468 hao
680 4413 833 4469 condicione
850 4411 906 4466 AB
