3172 5098
514 466 554 520 ad
572 467 750 521 ecelesiam
774 467 819 522 ΙΙΙ
838 471 853 532 5
871 466 982 521 36-40.
1250 468 1310 533 281

182 659 345 741 pellem,
375 655 479 738 inquii
508 657 649 722 diabolus
678 657 711 722 in
741 655 904 738 seripturis
933 649 1215 738 saeris,'pellem
1246 673 1314 738 pro

183 761 292 844 pelle
314 763 351 826 ed
373 764 513 826 anneta
542 779 638 843 quae
668 758 788 824 habet
818 758 928 824 hemo
956 757 1071 824 dabii
1094 777 1160 840 pre
1184 759 1315 824 anima

183 885 260 932 sua.
296 863 535 930 dilectissimam
557 881 622 928 esse
644 863 781 928 animam
798 881 888 928 suam
910 861 1028 926 homini
1052 863 1149 926 eiiam
1170 863 1314 928 dedalus

183 987 243 1034 neu
274 967 412 1052 negauit,
447 969 479 1032 et
500 968 554 1048 qui
584 967 724 1032 auertere
749 967 876 1032 omnino
900 969 1026 1030 annales
1049 968 1088 1030 ab
1110 965 1223 1030 affeelm
1245 967 1314 1031 ani-

159 1090 306 1138 amarum
338 1087 464 1136 suarum
498 1068 620 1148 nititur,
655 1069 739 1134 idem
773 1074 881 1136 lamen
909 1067 1083 1134 arusimas
1114 1086 1180 1134 esse
1203 1068 1315 1133 debere

183 1174 305 1240 eunetis
332 1176 454 1240 animas
485 1170 660 1238 eonfitetur.
698 1171 767 1254 quis
796 1191 872 1255 ergo
902 1172 989 1238 furer
1010 1173 1058 1236 esi
1080 1172 1159 1236 uiles
1183 1190 1202 1236 a
1223 1171 1369 1240 nobisne

182 1275 304 1342 animas
327 1280 450 1342 uestras
472 1275 588 1348 haberi,
612 1293 688 1357 quas
711 1274 808 1340 seiam
829 1273 973 1340 diabolus
996 1278 1089 1356 puisi
1111 1293 1175 1340 esse
1196 1276 1315 1358 preliu-

183 1383 256 1446 sas?
278 1378 453 1462 qnisfuror
475 1382 524 1444 esi
546 1378 625 1444 niles
640 1396 659 1442 a
674 1378 764 1446 nobis
786 1377 905 1454 haberi,
929 1396 1006 1460 quas
1025 1378 1127 1444 eliam
1149 1378 1205 1444 ille
1228 1397 1315 1445 naras

183 1482 273 1548 uobis
297 1482 410 1550 debere
432 1499 499 1549 esse
522 1481 607 1562 dieii,
631 1482 684 1564 qui
708 1481 787 1548 uiles
809 1481 911 1546 faeere
933 1484 1087 1546 senatur?
1121 1500 1158 1548 ae
1181 1487 1235 1567 per
1258 1485 1316 1549 hoa

147 1587 371 1668 inpulsumque
403 1586 524 1652 animas
554 1603 625 1652 suaa
648 1587 830 1669 neglegunt,
854 1586 950 1652 etiam
972 1585 1224 1652 infra'indiainm
1247 1587 1317 1652 dia·

184 1690 249 1756 beli
271 1709 305 1754 ae
328 1693 447 1756 amand.
484 1707 563 1770 quae
594 1707 665 1756 eum
690 1690 741 1755 iia
770 1689 843 1769 sini,
873 1689 983 1754 uidete
1014 1707 1078 1772 uos,
1113 1690 1167 1771 qni
1196 1689 1317 1770 putatis

185 1792 346 1876 religieses
369 1788 511 1858 homiues
533 1809 595 1858 nen
618 1791 731 1858 habere
759 1792 873 1875 quibus
903 1792 1081 1876 relinquant
1105 1794 1316 1858 subslaniiam

102 1919 126 1954 a
185 1914 284 1979 suam,
308 1896 414 1965 uideie
430 1895 481 1960 uel
495 1896 583 1960 iuxta
598 1894 717 1960 diaboli
732 1895 919 1978 opinionem,
943 1895 1049 1964 uidete
1064 1897 1092 1960 si
1109 1917 1170 1962 nou
1185 1897 1317 1977 haband,

184 2001 295 2082 quise
318 1999 401 2082 ipsos
423 1999 549 2066 hebeni.

147 2147 175 2190 m
226 2119 267 2183 X.
298 2119 444 2186 Suffiaere
477 2121 602 2203 quidem
637 2121 676 2184 ad
706 2121 787 2185 hana
819 2121 937 2198 negotii
971 2123 1154 2202 portionem,
1189 2121 1226 2187 de
1256 2140 1318 2204 qua
1328 2126 1373 2194 40

184 2240 270 2290 nune
290 2223 404 2306 agilus,
427 2224 507 2289 haee
527 2240 606 2305 qnae
626 2224 691 2290 iem
707 2225 841 2288 diximus
856 2227 935 2289 salis
951 2225 1100 2290 arbitrer:
1125 2225 1318 2291 sedosundi

184 2327 219 2391 id
240 2325 330 2391 uobis
352 2326 487 2392 sensim
501 2345 563 2392 uon
579 2329 654 2394 selis
669 2328 841 2394 uirtutibus
869 2345 974 2392 rerum
999 2329 1053 2392 sed
1070 2329 1164 2393 eiiam
1181 2330 1317 2394 auetori-

184 2421 304 2496 tatibus
326 2431 537 2512 exemplorum
560 2430 753 2498 desideretis.
783 2431 899 2512 possim
923 2429 1050 2512 quidem
1073 2432 1175 2496 diesne
1197 2431 1318 2496 maiora

153 2617 155 2624 s
186 2532 337 2615 exemplis
361 2533 504 2612 omnibus
528 2535 576 2598 dei
600 2553 666 2600 esse
683 2535 832 2599 mandale
847 2549 905 2598 nea
919 2535 1069 2600 interesse
1085 2533 1125 2600 ad
1141 2537 1316 2618 augendam

80 2709 87 2720 ,
114 2636 365 2709 ’,ιοᾰίιιὶιιοῐιιηι
387 2636 554 2702 uerborum
573 2637 805 2715 austeritatem,
820 2637 972 2721 *inpleani
987 2655 1024 2702 aa
1039 2637 1179 2702 homines
1197 2655 1237 2702 an
1258 2647 1319 2703 nori

186 2739 337 2821 inpleant,
362 2741 434 2822 qnia
455 2741 608 2806 uiriuiem
631 2757 737 2808 serum
760 2759 798 2805 er
820 2741 938 2806 demini
962 2744 1082 2806 numm
1106 2744 1154 2808 esi
1179 2742 1320 2807 densare

187 2861 320 2928 persana
342 2863 405 2910 neu
426 2863 464 2910 er
485 2861 647 2910 seruorum
670 2845 878 2926 oboedientia,
906 2863 962 2910 nee
991 2845 1063 2910 eddi
1086 2848 1129 2910 eis
1153 2863 1210 2912 nee
1231 2849 1320 2911 deee-

292 3034 305 3090 1
332 3001 469 3096 nn.a,4

242 3205 255 3256 1
275 3201 369 3272 inquid
387 3205 414 3266 B
513 3202 638 3258 diabulus
654 3204 682 3257 A
699 3206 763 3259 item
774 3207 817 3270 33,
836 3197 935 3259 anatra
949 3207 989 3280 36γ
1002 3202 1103 3259 diaboli
1122 3209 1147 3258 et
1164 3207 1201 3259 37
1218 3204 1320 3258 diaboli

185 3303 208 3344 e.
226 3303 279 3343 scr.
302 3291 376 3342 Μ
400 3303 417 3342 n
520 3286 537 3342 2
564 3291 685 3359 eunntap
712 3289 740 3344 A
770 3295 917 3358 cunctaque
944 3287 975 3343 Β·
1002 3323 1004 3329 ι
1076 3289 1093 3343 3
1119 3284 1320 3343 dilictissimam

187 3377 216 3430 s
317 3361 470 3442 slepand
485 3375 518 3429 a
559 3411 561 3420 ,
616 3375 761 3430 sessus
779 3376 848 3430 asra
867 3373 895 3430 a
998 3365 1030 3428 re
1054 3371 1193 3444 supinas
1211 3388 1247 3430 ee
1264 3390 1321 3429 aas

187 3477 259 3524 coer·
278 3477 312 3522 aa
331 3464 350 3516 Β
369 3462 401 3520 ·Β
471 3462 537 3518 ’16
560 3463 632 3532 post'
647 3462 803 3531 arhiimrp
828 3469 854 3518 et
870 3461 933 3518 edd.
956 3468 1022 3518 nate
1039 3462 1254 3517 Halmiamedd
1271 3465 1322 3526 esi,

186 3547 259 3618 quod
285 3564 445 3617 praeponere
469 3550 554 3603 uitam
577 3565 652 3618 spem
671 3548 837 3618 salutemque
856 3551 973 3602 uestram
994 3535 1098 3604 eunetis
1116 3537 1223 3602 omnino
1242 3548 1321 3602 rebus

187 3637 270 3704 adque
288 3634 428 3699 affectibus
447 3635 566 3693 debeatis
672 3635 847 3694 Iliensium
865 3636 893 3688 A
927 3696 930 3704 ⁴
967 3681 970 3688 ,
997 3635 1030 3688 18
1048 3633 1320 3709 desideretisABffi)

188 3719 347 3774 desideratis
366 3737 427 3774 eam
439 3721 501 3776 edd.
513 3715 653 3784 Halmius,
671 3737 750 3790 quem
762 3719 887 3776 codicum
897 3722 1038 3790 scriptura
1047 3720 1121 3791 sapit
1143 3719 1146 3726 '
1210 3720 1243 3774 19
1257 3725 1321 3788 post

187 3806 317 3862 mandata
330 3825 352 3875 p
371 3813 397 3862 et
412 3807 473 3862 edd.
486 3814 550 3863 arete
562 3809 669 3862 Halm:
688 3807 835 3862 clamantia
851 3806 972 3876 quotidie
988 3807 1018 3860 in
1036 3806 1094 3860 hoa‘
1105 3805 1219 3860 munde:
1236 3805 1322 3860 nolite

187 3893 371 3948 thesaurisare
383 3894 461 3948 uobis
472 3895 611 3948 thesauros
623 3896 652 3950 in
663 3899 742 3961 terra,
757 3893 936 3950 thesaurisate
946 3895 1037 3948 andem
1050 3893 1126 3947 nubis
1138 3893 1280 3947 thesauros
1292 3893 1321 3945 in

188 3981 272 4036 esele.
300 3982 329 4032 si
356 3979 437 4034 alibir
466 3995 652 4050 quaecumque
674 3982 754 4036 homo
777 3981 962 4046 seminarent,
992 3979 1055 4034 haee
1077 3982 1106 4032 ei
1132 3981 1223 4034 medea
1253 3990 1323 4046 qaae

188 4065 285 4136 ntique
302 4068 366 4120 tam
376 4067 411 4120 sd
427 4067 522 4121 mnndi
540 4067 663 4122 homiues
680 4083 760 4136 quam
778 4067 812 4121 ad
829 4067 879 4134 dei·
896 4065 955 4122 tani
967 4065 1001 4120 ad
1013 4070 1115 4134 eosqui
1125 4059 1198 4118 filios
1211 4061 1324 4129 habena·

190 4164 273 4223 qnam
291 4153 326 4206 ad
342 4168 386 4206 eos
403 4155 450 4222 qul
468 4167 519 4207 non
540 4151 649 4218 habent,
668 4169 750 4222 aequa
767 4154 885 4223 pertinet
903 4150 953 4219 (ade
964 4168 994 4221 p,
1012 4152 1072 4206 rell:
1089 4150 1236 4220 pertinent)
1256 4149 1323 4218 quia

190 4255 251 4294 eam
270 4240 358 4297 uitam
376 4242 512 4294 aeternam
530 4239 621 4294 eeneii
639 4239 790 4294 desider-ena
807 4239 951 4310 possidere,
974 4253 1029 4292 nen
1048 4240 1090 4292 est
1108 4236 1229 4301 dubiam
1251 4235 1323 4304 qnod

189 4325 238 4379 ubi
266 4329 315 4393 par
340 4326 525 4380 uniuersorum
553 4327 647 4380 uotum
673 4329 715 4380 est
743 4325 775 4379 ad
793 4321 953 4390 halendum,
978 4337 1069 4394 parem
1094 4337 1263 4378 essedariam
1288 4323 1324 4384 ad

188 4411 394 4482 promerendum
497 4411 529 4466 ἓ]
550 4411 664 4482 domini]
683 4411 727 4466 dei
746 4411 773 4465 Β
1300 4400 1307 4406 ’
