3172 5098
499 484 538 538 ad
556 484 734 540 eeclesiam
757 484 802 542 111
826 489 841 549 e
861 483 971 538 73-80,
1243 483 1309 554 295

170 674 467 757 superexcellentem
489 675 652 742 cumulum
674 674 862 756 pollicetur?
885 677 941 742 aut
963 673 1044 740 forte
1060 674 1199 758 accipere
1221 674 1299 742 hacc
1341 711 1356 736 ι,

170 779 260 844 tanta
293 796 354 846 non
387 779 461 846 nis?
499 780 554 844 sed
584 779 643 846 hoo
676 778 757 844 ratio
787 795 849 842 non
878 776 1000 860 patitur
1021 779 1058 844 ut
1079 778 1170 844 nolis.
1208 778 1351 846 nemoii

171 882 254 946 enim
283 883 332 948 est
360 884 442 948 inter
471 880 624 960 homines,
659 882 712 964 qui
742 899 813 946 cum
834 879 945 948 beatus
968 897 1036 946 asse
1057 881 1172 958 ualeat
1206 882 1300 948 miser

171 1001 239 1050 esso
260 985 371 1068 malit;
401 1003 493 1050 nemo
518 985 576 1063 est,
606 985 660 1066 qni
682 1003 754 1050 oum
776 982 891 1050 hebere
912 983 1011 1066 possit
1034 982 1160 1050 delicies
1183 984 1300 1050 summi

147 1086 256 1169 eboni,
279 1089 346 1171 peti
360 1087 439 1156 uelit
452 1087 641 1170 supplicium
658 1087 776 1154 summi
790 1086 883 1169 mali;
906 1087 1013 1154 nullus
1027 1087 1174 1168 profecto,
1193 1087 1300 1156 nullus

171 1193 204 1257 et
224 1193 293 1258 ideo
315 1211 354 1258 ne
375 1193 411 1258 tn
431 1191 574 1274 quidem:
606 1191 667 1259 nisi
694 1191 776 1258 forte
799 1192 996 1256 monstruosa
1021 1193 1063 1256 sit
1085 1191 1119 1257 in
1141 1192 1174 1256 te
1195 1190 1301 1274 aliqua

171 1297 204 1358 ot
224 1293 402 1378 discrepans
426 1297 465 1361 ab
487 1295 622 1362 bumano
645 1313 756 1379 genere
779 1294 903 1371 nature,
927 1296 964 1358 nt
985 1293 1068 1360 solus
1091 1293 1151 1360 tibi
1173 1294 1300 1378 penitus

171 1398 248 1464 beno
281 1415 348 1464 esse
381 1398 472 1476 nolis,
505 1398 591 1466 solus
624 1397 853 1464 beatitudinem
886 1397 990 1481 fugias
1021 1397 1106 1464 solus
1141 1398 1300 1482 suppliciis

172 1501 343 1568 delecteris.
382 1505 462 1584 qnod
490 1502 519 1568 si
549 1502 658 1584 utique
685 1505 826 1584 nonest,
856 1500 930 1583 qnid
954 1519 1027 1584 ergo
1049 1518 1162 1568 causae
1184 1504 1240 1582 eet,
1264 1502 1389 1568 ιιι78-

134 1623 232 1676 ronon
262 1605 313 1671 uel
345 1607 480 1672 moriens
503 1606 536 1670 et
557 1605 591 1670 in
613 1604 734 1670 ultimis
764 1605 845 1672 situs
871 1605 905 1669 id
927 1605 1033 1671 saltim
1062 1624 1223 1688 supremae
1245 1604 1302 1670 ob-

171 1708 299 1775 lationis
333 1708 435 1776 officio
464 1709 497 1774 et
526 1709 612 1775 omni
643 1726 747 1774 rerum
782 1709 909 1774 tuarum
943 1707 1065 1774 ambitu
1099 1725 1184 1792 agas,
1207 1712 1253 1792 ut,
1275 1711 1303 1776 si

171 1811 285 1880 morari
306 1829 326 1877 a
347 1813 405 1878 deo
426 1814 523 1896 potes,
553 1813 692 1894 locuples
714 1828 752 1876 ac
773 1810 883 1878 beatus
905 1810 959 1890 sis,
982 1811 1031 1876 ein
1053 1812 1214 1880 autemid
1236 1829 1300 1878 non

170 1917 270 1997 potes,
293 1919 377 1982 certe
399 1916 437 1982 ιιι
457 1918 553 1982 miser
575 1933 637 1984 non
660 1916 702 1984 sis
725 1918 808 1982 certe
830 1932 892 1981 non
916 1915 1018 1980 uraris
1041 1917 1126 1982 certe
1147 1933 1211 1982 non
1232 1917 1301 1982 tor·

171 2020 294 2101 queens
316 2023 400 2086 certe
430 2019 567 2086 tenebris
591 2019 795 2087 exterioribus
816 2037 879 2085 non
903 2017 1040 2086 eneceris
1062 2021 1095 2084 et
1116 2017 1301 2084 ardentibus

135 2121 242 2188 resino
263 2121 324 2188 fine
345 2123 480 2190 flammis
501 2141 562 2190 non
588 2123 795 2205 decoquaris?
827 2122 902 2204 quid
925 2139 1008 2202 ergo,
1032 2126 1068 2188 ut
1091 2122 1166 2201 dixi,
1189 2141 1300 2189 causae
1314 2124 1355 2191 79

171 2228 230 2308 eet,
262 2226 343 2308 quod
373 2226 450 2292 haee
471 2242 533 2290 non
555 2225 647 2310 agis?
685 2224 892 2307 quidcausae
915 2227 974 2302 ost,
1005 2229 1041 2290 nt
1071 2225 1152 2292 bona
1174 2228 1302 2291 aeterna

170 2344 233 2396 uon
266 2332 377 2396 ernas?
414 2329 489 2412 quid
520 2347 630 2396 causae
661 2330 718 2403 est,
753 2331 788 2392 ιιι
816 2328 902 2394 mala
931 2327 1059 2393 aeterna
1081 2345 1142 2392 non
1164 2328 1301 2396 timeon?

113 2449 118 2454 ·
171 2431 248 2512 quid
270 2433 378 2513 utique
400 2431 462 2498 nisi
484 2431 572 2511 illud,
602 2431 684 2514 quod
710 2431 907 2512 praelocutus
929 2448 1009 2504 sum,
1040 2431 1122 2512 qnod
1143 2434 1198 2494 aut
1219 2429 1301 2497 iudi-

171 2533 306 2600 candum
329 2554 348 2600 a
370 2535 425 2600 deo
448 2539 479 2601 te
504 2553 582 2602 esse.
599 2552 662 2600 non
690 2535 782 2616 putas
812 2535 868 2600 aut
896 2535 1143 2600 resurrecturum
1175 2535 1301 2598 omnino

134 2655 240 2706 ecesse
263 2654 324 2704 non
346 2637 467 2704 credis?
496 2639 524 2704 si
547 2638 631 2706 enim
648 2638 796 2714 crederes,
820 2637 972 2719 quomodo
988 2653 1049 2704 non
1070 2636 1171 2702 futuri
1192 2634 1301 2703 iudicii

171 2740 404 2808 inaestimabile
426 2743 547 2808 malum
569 2743 692 2826 fugeres
708 2746 741 2808 et
762 2743 976 2808 inmortalium
990 2740 1215 2824 suppliciorum
1237 2745 1303 2808 tor·

171 2844 279 2910 menta
312 2845 451 2912 nitores?
488 2846 542 2911 sed
572 2863 634 2912 non
664 2846 764 2912 eredis
787 2846 906 2928 utique,
942 2863 1002 2912 non
1026 2846 1136 2923 orodis,
1168 2863 1204 2910 ao
1225 2844 1357 2912 licet80

173 2946 260 3012 aliud
282 2948 314 3011 et
335 2966 478 3014 sermone
510 2949 636 3016 adeonae
665 2950 698 3016 et
718 2948 921 3032 professione,
954 2964 1017 3014 non
1050 2948 1165 3031 oredis;
1200 2964 1303 3014 sermo

172 3047 311 3116 enimet
335 3050 482 3132 professio
514 3054 569 3116 tua
597 3052 746 3118 iactitant
773 3051 866 3118 iidem
895 3049 949 3116 eod
979 3052 1046 3116 uita
1077 3052 1171 3132 atque
1199 3049 1302 3116 obitus

133 3151 338 3235 republionnt
367 3153 594 3220 infidelitatem.
633 3154 750 3237 alioqui
782 3155 874 3220 uince
905 3172 972 3218 me:
1005 3152 1091 3218 ninci
1119 3150 1201 3218 uolo.
1239 3167 1302 3216 non

170 3272 299 3338 quaero,
331 3259 369 3322 ιιι
401 3257 479 3322 mihi
514 3256 733 3324 eredulitatem
763 3260 851 3322 tuam
880 3255 1046 3338 superioris
1068 3253 1154 3320 uitae
1177 3252 1301 3322 actibus

172 3356 304 3440 probes:
336 3377 396 3425 nno
427 3360 591 3426 contentus
619 3378 689 3426 snm
718 3359 896 3428 testimonio
925 3374 1142 3441 supremorum
1164 3358 1304 3426 tuorum.

224 3647 552 3707 odolideeaoditmorr.
565 3650 671 3706 aaut
771 3649 842 3718 fine]
856 3664 904 3702 noc
918 3647 1027 3713 (camb)
1040 3647 1081 3706 cd.
1094 3646 1234 3704 Bolerion

170 3733 228 3793 nisi
246 3737 415 3792 monstruosa
433 3734 504 3792 forte
520 3736 608 3806 cipum
625 3735 848 3802 tremueritioais
866 3733 972 3796 oiddia
993 3733 1021 3787 Β
1124 3733 1143 3788 8
1163 3731 1304 3788 beatitune

171 3819 235 3887 (aio)
253 3821 283 3878 A
303 3835 324 3876 a
342 3835 395 3878 sco.
416 3823 491 3881 ore-2
514 3820 542 3876 di
646 3819 689 3878 10⁴
704 3819 802 3878 saltem
830 3836 863 3876 ac
890 3819 983 3878 saltim
1009 3833 1079 3876 corr.
1106 3819 1180 3874 Μ
1206 3818 1234 3870 A

171 3920 313 3976 supreme
338 3907 382 3964 A,
471 3907 504 3962 13
526 3911 590 3974 poet
616 3907 728 3974 oertep
752 3911 778 3963 ct
801 3904 862 3963 edd.
886 3910 951 3962 autc
972 3904 1081 3962 Halm:
1107 3904 1153 3962 uel
1179 3919 1226 3972 pro
1251 3903 1304 3958 hoo

170 3992 299 4050 merearis
387 3993 420 4050 15
432 3991 589 4061 dequocarie
600 3992 629 4046 B
711 3997 777 4060 poet
794 4007 888 4050 causae
906 3992 983 4059 estp
1002 3997 1029 4046 et
1041 3989 1101 4046 edd.
1117 3994 1181 4048 octo
1192 3988 1304 4044 Halm:

146 4082 205 4136 ut
229 4094 283 4136 uon
306 4077 431 4136 omnibns
455 4077 541 4134 modis
564 4076 608 4132 uel
631 4077 703 4132 mala
726 4077 816 4145 logias
840 4077 884 4130 uel
908 4076 978 4132 bona
996 4075 1106 4144 moequi
1122 4073 1210 4131 cebri
1237 4071 1306 4141 quid-

170 4180 268 4224 oanme
290 4169 332 4220 eet
436 4163 471 4218 20
496 4168 525 4219 te
548 4179 606 4218 ease
629 4171 702 4232 (oum
719 4165 747 4228 b)
767 4164 808 4219 od.
833 4163 972 4224 Beterrae
1075 4161 1107 4220 21
1135 4161 1242 4230 fugeres
1268 4173 1304 4216 oc

171 4250 278 4320 ingeris
295 4265 365 4308 corr.
383 4253 452 4308 Μ
469 4249 525 4304 AB
542 4255 573 4304 ut
586 4250 676 4318 poulo
694 4255 760 4306 anto
777 4249 896 4306 crederes
915 4265 949 4304 ea
966 4246 1080 4304 notens
1175 4246 1209 4302 23
1226 4245 1303 4304 aliud

171 4352 209 4392 cc
227 4336 298 4392 aliut
314 4351 387 4394 corr.
404 4351 440 4390 oa
458 4340 476 4391 2
493 4337 521 4391 A
623 4336 659 4390 24
676 4335 787 4390 iactitat
804 4336 832 4390 B
930 4333 1035 4390 obdu·
1052 4333 1081 4388 A
1183 4331 1218 4388 25
1235 4331 1303 4390 alio-

172 4422 242 4492 quin
260 4438 295 4477 ea
314 4422 374 4492 ·qni
392 4437 463 4477 corr.
480 4438 515 4476 oo.
534 4425 554 4476 2
570 4422 627 4478 AB
730 4422 802 4478 uinci
820 4422 847 4475 A
861 4437 915 4491 pro
932 4420 1009 4475 uinco
