3132 5096
274 481 334 546 138
759 474 916 530 Saloniani

271 667 346 748 dit,
374 667 492 749 inquit,
520 683 724 748 super-eor
746 663 848 742 ains,
879 664 916 729 et
938 682 1011 728 non
1034 664 1197 744 poterat
1218 663 1400 731 dominus

271 770 380 835 nitra
402 772 559 853 portare
581 770 744 852 propter
773 767 971 835 malitiam
1002 763 1223 832 studiorum
1246 771 1400 834 uestro·

271 893 353 940 rum
386 875 424 936 et
456 873 620 955 propter
651 871 989 955 abominationes,
1025 888 1121 953 quas
1155 869 1328 949 desistis,
1362 872 1399 936 et

271 977 379 1052 faeta
401 978 460 1042 est
483 978 591 1048 terra
612 978 747 1042 uestra
768 977 810 1040 in
825 973 1116 1040 desolationem
1138 975 1176 1038 et
1198 975 1401 1058 stuporem

272 1086 310 1146 et
332 1081 368 1145 in
391 1079 661 1146 malediotnm.
693 1097 748 1161 per
770 1079 933 1162 haee-ergo
948 1079 1013 1143 iam
1028 1077 1147 1144 faotum
1162 1081 1220 1152 est,
1242 1078 1281 1141 ut
1301 1076 1401 1144 maior
1422 1097 1434 1137 s

271 1202 342 1267 pars
368 1184 503 1249 Romani
532 1182 617 1248 orbis
644 1183 678 1249 in
709 1183 933 1248 desolationem
963 1185 1046 1248 esset
1076 1180 1164 1246 etin
1185 1182 1346 1263 stuporem
1368 1182 1400 1244 et

271 1285 304 1350 in
326 1287 539 1352 maledictum.

219 1412 262 1478 46
317 1404 419 1470 VIIII.
458 1405 561 1490 Atque
594 1408 718 1471 utinam
754 1411 824 1472 aota
860 1406 1078 1470 tantummodo
1112 1405 1198 1487 prius
1231 1405 1335 1470 essent
1368 1405 1402 1470 et

272 1528 364 1594 agero
386 1511 461 1577 haee
484 1509 624 1576 Romana
645 1510 801 1575 uitiositas
823 1509 990 1593 aliqnando
1013 1511 1167 1574 eessaret:
1196 1506 1340 1587 forsitan,
1364 1507 1401 1572 ut

272 1615 424 1697 seriptum
447 1615 503 1692 est,
532 1615 754 1696 propitiaretur
780 1617 855 1682 deus
877 1613 1013 1696 peooatis
1036 1613 1159 1677 nostris.
1199 1614 1253 1676 sed
1283 1629 1434 1693 nequa-no

272 1736 366 1800 qnam
399 1719 446 1783 ita
477 1718 610 1802 agimus,
645 1722 681 1784 ut
702 1717 899 1801 propitietur.
936 1719 1023 1782 mata
1054 1716 1138 1782 enim
1171 1713 1401 1780 insensabiliter
1479 1729 1481 1733 ’

270 1820 363 1884 malis
387 1821 532 1888 addimus
547 1825 578 1886 et
598 1824 736 1904 peooatis
751 1825 881 1904 panemo
896 1822 1099 1899 onmulamua
1124 1821 1156 1886 et
1170 1837 1243 1884 onnn
1265 1819 1401 1885 maxima

219 1926 260 1992 47
271 1924 369 1988 nostri
392 1923 549 2005 persiam
572 1925 707 2007 perierit,
731 1925 764 1989 id
786 1926 909 2009 agimus
930 1928 967 1989 nt
989 1941 1152 2008 pereamus
1175 1941 1293 1990 omnes.
1320 1924 1399 2004 quis,

271 2043 354 2108 rogo,
388 2026 522 2093 interfici
555 2027 690 2094 alterum
724 2029 811 2094 innta
840 2047 873 2093 se
903 2027 990 2094 uidet
1019 2031 1051 2093 et
1079 2027 1148 2110 ipse
1176 2043 1239 2091 non
1262 2025 1400 2092 metuito

271 2129 340 2210 quis
370 2128 497 2195 domum
525 2129 621 2196 uioiui
644 2133 692 2196 sui
718 2131 825 2195 ardere
849 2132 949 2197 oernit
972 2134 1004 2196 et
1026 2148 1086 2195 nou
1110 2130 1231 2195 efficere
1255 2128 1434 2194 omnibusne

270 2232 372 2298 modis
394 2233 509 2298 nititur
532 2253 570 2298 ns
592 2236 659 2316 ipsa
681 2234 823 2300 inoendio
847 2237 1085 2298 concremetur?
1117 2252 1172 2298 nos
1195 2250 1257 2298 non
1280 2231 1400 2298 uieinos

270 2338 389 2401 nostros
418 2337 542 2401 tantum
571 2338 679 2401 ardere
707 2337 854 2417 uidimus,
882 2337 937 2402 sed
959 2337 1019 2418 ipsi
1042 2341 1104 2401 iam
1128 2356 1164 2401 ex
1187 2339 1323 2404 maxima
1344 2355 1400 2402 no·

270 2441 405 2504 atrorum
429 2457 589 2522 oorporum
612 2442 701 2524 parte
723 2442 865 2506 arsimus.
897 2442 929 2505 et
952 2439 1108 2523 quidhoc,
1131 2440 1299 2524 pronefas,
1323 2439 1400 2504 mali

271 2545 342 2607 est?
369 2541 513 2622 arsimus,
535 2543 679 2621 arsimus,
703 2547 735 2608 et
750 2547 855 2608 tamen
870 2544 1022 2620 flammas,
1048 2542 1160 2628 quibus
1176 2546 1239 2609 iam
1255 2545 1399 2623 arsimus,

217 2652 332 2718 48non
359 2646 517 2710 timemus.
555 2664 629 2710 nam
658 2649 738 2729 quod
766 2664 828 2711 non
855 2646 979 2729 ubique,
1001 2650 1037 2711 ut
1059 2647 1132 2725 dixi,
1162 2648 1300 2730 aguntur
1323 2665 1435 2729 quaeso

270 2749 357 2829 prius
379 2749 449 2813 aeta
471 2749 556 2823 sunt,
578 2747 723 2813 miseriae
745 2752 794 2814 est
816 2747 1001 2815 beneficium
1019 2766 1080 2814 non
1096 2749 1289 2833 disciplinae.
1312 2749 1398 2814 deni·

271 2868 330 2931 que
359 2849 450 2915 iaoile
477 2850 535 2916 hoo
562 2852 666 2934 probo.
706 2851 747 2916 da
776 2853 859 2916 enim
889 2852 999 2934 prioris
1028 2848 1182 2935 temporis
1207 2853 1338 2931 statum,
1369 2859 1400 2918 et

222 3031 228 3052 Ι
270 2952 381 3016 statim
414 2952 529 3036 ubique
563 2955 637 3019 sunt
666 2973 743 3037 quae
776 2955 914 3020 inerunt.
950 2956 1021 3038 plus
1050 2955 1145 3021 addo:
1177 2960 1332 3039 quantum
1361 2957 1400 3021 ad

269 3057 345 3120 uota
366 3055 528 3121 hominum
548 3059 695 3142 pertinet,
720 3061 779 3124 etsi
802 3060 865 3124 iarn
881 3075 942 3124 non
964 3059 1079 3140 ubique
1100 3062 1182 3139 suut,
1206 3059 1322 3140 ubique
1345 3059 1397 3124 ad·

268 3157 331 3223 huo
360 3163 443 3238 snut,
473 3161 546 3242 qnia
571 3161 687 3244 ubique
708 3181 744 3226 ea
765 3162 898 3246 populns
927 3163 1005 3228 uelit
1034 3181 1101 3228 esse
1122 3164 1295 3229 Romanus.
1329 3181 1431 3228 eumn

270 3260 416 3328 animab
446 3264 570 3328 homine
602 3265 764 3330 mataras
793 3266 859 3332 sola
888 3266 1073 3331 necessitate
1100 3284 1161 3330 non
1189 3269 1303 3349 agitur,
1333 3268 1401 3349 ipsa
1438 3255 1442 3265 ’
1556 3309 1557 3314 1

217 3371 260 3436 49
270 3363 369 3445 turpis
399 3367 444 3430 rei
473 3367 628 3448 cupiditas
656 3387 712 3450 pro
741 3370 861 3433 notione
894 3368 1070 3433 damnatur.
1109 3387 1182 3433 nam
1206 3369 1241 3447 si,
1267 3371 1303 3433 ut
1327 3368 1400 3452 dixi,
1556 3355 1557 3378 ¹

269 3465 356 3530 iuxta
392 3468 509 3533 domini
542 3471 641 3536 nostri
675 3471 794 3537 diotnm
832 3473 895 3554 qui
933 3472 1136 3537 mulierem
1171 3471 1322 3537 uiderit
1356 3473 1401 3537 ad

372 3635 407 3690 aa
425 3636 524 3692 naeth.
543 3640 568 3707 a,
585 3641 619 3695 na

322 3808 336 3859 1
355 3807 446 3876 inquit
463 3810 490 3864 A
503 3826 538 3864 m.
549 3813 568 3866 2
579 3826 599 3865 o.
613 3811 640 3878 1.,
658 3817 783 3867 om.m.1
802 3818 830 3867 et
846 3812 875 3867 Β
893 3813 976 3868 ‘houd
987 3814 1044 3868 sete
1055 3830 1094 3868 oa
1107 3813 1185 3870 reete’
1202 3814 1332 3870 Heledus

268 3892 285 3945 6
313 3890 477 3948 desolatione
504 3896 532 3949 Β
638 3897 883 3967 repropitiaretur
906 3899 962 3954 AB
991 3901 1053 3954 item
1071 3900 1152 3965 a'ofra
1170 3900 1331 3969 propitietur

273 3978 388 4046 lapara
412 3981 499 4034 nostri
521 3981 549 4035 Β
651 3985 768 4052 perierat
791 3988 1091 4054 uoperasor.m.1i
1114 3988 1142 4040 Δ
1245 3987 1276 4042 17
1300 4003 1332 4041 ex
1349 4003 1401 4042 om.

268 4064 296 4117 B
399 4066 432 4121 18
457 4067 533 4122 nefas
558 4069 625 4123 mali
652 4069 729 4126 naias
755 4074 797 4126 est
823 4070 852 4125 Β
877 4071 943 4126 item
964 4073 1058 4127 statim
1080 4073 1195 4128 arsimus
1214 4073 1330 4129 arsimnr

267 4149 303 4202 20
323 4155 442 4219 aguntur
465 4170 515 4209 ooo.
539 4154 568 4209 Β
669 4156 705 4211 24
726 4157 824 4226 ubique
842 4159 920 4226 (onte
938 4160 1024 4229 snnt)]
1044 4157 1131 4229 obque
1148 4175 1169 4213 a.
1187 4175 1240 4217 ner.
1257 4177 1292 4215 m.
1311 4162 1332 4214 2
1348 4161 1400 4216 hoe

267 4239 295 4292 A
400 4239 483 4296 adhoe
508 4241 564 4296 AB
591 4243 684 4311 (saper
710 4260 725 4297 o
751 4258 804 4299 sor.
832 4260 850 4298 n
876 4260 910 4298 m.
939 4245 1118 4314 Brassieom',
1144 4251 1177 4300 ut
1198 4245 1277 4312 naid„
1302 4251 1330 4313 o)

267 4323 302 4377 25
324 4326 406 4380 uellet
429 4327 457 4381 B
560 4327 594 4381 27
617 4329 656 4382 rei
679 4331 767 4399 tnrpis
790 4331 818 4383 B
904 4331 941 4397 si,
960 4334 993 4384 ut
1010 4330 1227 4386 Ritteretosiosr
1253 4332 1325 4386 sient
1343 4333 1401 4386 ΑΒ

268 4409 364 4478 (rell.);
389 4412 439 4468 ‘aa
456 4414 492 4482 si,
512 4414 610 4469 sionti’
628 4414 759 4470 Halmius
