3172 5098
487 485 528 541 ad
546 487 724 544 eeclesiam
747 489 807 547 ΠΗ
825 494 841 557 5
858 490 952 546 9-15.
1218 497 1283 566 305

154 677 298 746 omuibus
313 680 388 746 deus
403 677 549 746 aestimet
564 679 836 760 damnabiliorem,
859 699 932 748 eum
946 681 1014 766 ipse
1029 684 1173 752 omnibus
1188 685 1282 752 deum
1306 684 1309 692 “
1333 712 1336 722 ·

154 777 300 852 essina
321 779 475 848 uiliorem.

195 899 256 965 ΙΠ.
286 898 346 966 Sed
375 899 452 966 dieii
480 902 593 987 aliquis
622 920 684 968 nen
713 923 746 971 se
773 905 832 972 lree
860 907 965 972 anime
993 905 1054 972 ista
1081 907 1192 986 ianere,
1217 925 1283 992 *que
1294 909 1335 974 12

152 1007 209 1069 aut
231 1005 410 1070 contemnet
431 1005 524 1072 deum
546 1010 602 1074 aut
624 1007 721 1074 uilem
747 1011 848 1092 putet,
878 1011 933 1076 sed
955 1028 1015 1092 que
1038 1009 1088 1074 uei
1112 1013 1196 1076 emet
1219 1030 1281 1091 ees,

132 1125 230 1190 aquus
252 1108 378 1174 heredes
394 1107 547 1193 instituit,
570 1112 622 1177 uel
637 1112 777 1179 honeret.
808 1115 1046 1196 adquieseamus
1063 1115 1121 1180 hou
1136 1116 1182 1180 ita
1197 1131 1283 1183 esser

153 1212 302 1278 omnibus
328 1211 426 1278 ferme
456 1214 551 1280 etiam
581 1215 650 1282 aliis
679 1216 936 1302 flagitiosissimis
966 1221 998 1283 et
1020 1217 1283 1284 criminosissimis

152 1318 213 1382 reis
236 1319 391 1386 excusatis
412 1317 477 1383 ists
497 1319 647 1401 suppetit.
677 1338 753 1386 nam
775 1321 877 1388 dieue
893 1323 925 1387 et
946 1319 1185 1388 fornicatoribus
1207 1321 1284 1387 lieet

152 1439 214 1486 nun
236 1437 269 1485 ee
291 1420 351 1486 noe
376 1421 481 1487 animo
510 1421 667 1502 fornicari,
698 1441 758 1508 que
781 1424 873 1490 deum
900 1428 1058 1508 spernant,
1087 1425 1160 1507 quia
1181 1427 1283 1490 selue

153 1522 290 1607 corpeus
305 1525 399 1606 atque
421 1523 606 1592 infirmitate
621 1526 797 1594 uideantur.
829 1531 861 1592 et
875 1527 1051 1594 homicidae
1066 1528 1100 1593 id
1118 1527 1283 1594 adfirmare
1312 1557 1315 1570 ·

122 1655 145 1695 ln
153 1629 294 1712 pessunt,
319 1647 381 1695 nou
403 1647 437 1695 se
460 1632 644 1714 mntemptu
665 1631 716 1696 clei
738 1631 913 1696 humanum
928 1631 1113 1715 sangninem
1136 1629 1282 1698 fundus:

153 1733 206 1798 uel
228 1735 300 1799 odie
321 1736 404 1799 enim
427 1753 460 1800 se
481 1735 534 1799 nel
556 1733 720 1816 tepiditati
741 1737 868 1801 tantum
887 1735 1009 1801 seelera
1029 1733 1204 1820 praestare(
1228 1735 1283 1802 sed
1296 1736 1337 1803 13

155 1837 230 1921 quid
252 1838 381 1920 peaes
400 1838 497 1903 melis·
514 1837 590 1904 haee
611 1837 778 1918 exeusatie,
803 1855 875 1905 eum
897 1838 1021 1904 scilieet
1042 1838 1125 1904 nihii
1146 1837 1284 1917 intersit,

153 1961 214 2024 que
235 1960 267 2005 se
290 1941 446 2024 quispiam
467 1940 552 2008 dieat
574 1957 702 2024 pecunie
724 1960 826 2027 eausa,
851 1961 923 2008 eum
945 1943 987 2009 sit
1009 1959 1100 2008 omne
1122 1942 1284 2025 peecatum

154 2043 333 2111 diuinitatis
361 2045 501 2111 iniuria?
535 2045 771 2129 adquiescimus
800 2049 917 2126 tamen,
947 2049 984 2112 ut
1010 2046 1201 2129 supradixi,
1225 2045 1284 2112 hee
1307 2089 1309 2098 ι

122 2150 201 2214 reita
223 2167 300 2227 esse,
321 2168 379 2214 nee
401 2169 438 2215 ex
460 2151 641 2232 contemptu
664 2149 784 2216 dei-res
807 2168 880 2216 suas
903 2149 1081 2234 quempiam
1104 2150 1159 2215 alii
1182 2149 1285 2233 magis

154 2271 248 2335 quam
271 2256 329 2318 dee
349 2253 480 2330 tradere,
504 2254 559 2320 sed
581 2255 633 2319 uel
656 2254 770 2319 honere
792 2254 915 2319 heredis
937 2253 986 2318 sui
1008 2272 1042 2318 se
1058 2254 1098 2318 ad
1122 2253 1179 2317 hee
1201 2253 1285 2318 trahi

154 2357 205 2422 uel
233 2357 318 2422 uerte
346 2373 452 2423 emere
477 2358 624 2442 enupeili.
662 2359 715 2424 sed
743 2356 820 2440 quid
848 2357 991 2441 facimus,
1020 2358 1103 2440 qued
1132 2357 1189 2422 hoa
1216 2358 1283 2438 ipsu

154 2461 255 2544 magis
289 2461 410 2526 ineuria
443 2462 493 2526 dei
524 2464 674 2546 probatur
702 2463 795 2546 etque
828 2463 1051 2543 contemptus?
1088 2461 1115 2526 si
1145 2459 1238 2536 enim,
1268 2459 1339 2526 014
1449 2528 1453 2532 .

155 2563 294 2648 quisquis
317 2582 359 2648 es,
381 2563 502 2647 perid,
525 2567 607 2648 qnod
629 2565 793 2632 heredibus
815 2567 878 2630 tuis
901 2565 953 2630 uel
969 2564 1215 2647 quibuscumque
1228 2579 1285 2652 'res

122 2669 297 2754 npreprias
329 2669 528 2752 derelinquis,
563 2673 595 2734 et
628 2671 778 2735 honerare
807 2671 839 2734 te
873 2685 924 2734 ees
956 2667 1076 2733 indices
1107 2673 1139 2732 et
1169 2681 1284 2744 amare,

155 2775 247 2838 deum
276 2772 394 2855 utique,
425 2773 477 2839 eui
504 2791 565 2838 non
594 2773 755 2856 relinquis,
781 2791 838 2838 nee
859 2773 1011 2839 honerare
1031 2776 1064 2838 te
1086 2770 1207 2838 indicas
1230 2786 1289 2836 nee

154 2895 268 2943 amare.
306 2895 341 2941 ae
368 2893 423 2958 per
450 2877 509 2942 hoe
537 2875 688 2960 quidquid
716 2891 772 2958 pru
801 2877 832 2940 te
856 2875 970 2941 dixeris
1000 2877 1109 2940 eontra
1127 2875 1162 2940 'te
1185 2875 1233 2940 est
1255 2873 1292 2938 et

154 2981 194 3046 ad
223 2983 439 3064 contemptum
469 2984 563 3064 etque
590 2981 631 3046 ed
658 2979 881 3047 contumeliam
909 2980 958 3047 dei
987 2979 1123 3063 pertinet
1145 2993 1235 3043 emer
1255 2980 1287 3042 et

153 3083 389 3150 honorificentia
416 3085 598 3150 eeterorum.
637 3104 709 3151 eum
732 3085 814 3153 enim
836 3084 907 3149 aliis
929 3084 1000 3149 ideo
1022 3082 1191 3165 relinques,
1214 3079 1339 3170 quial5

121 3202 207 3254 sees
240 3188 382 3263 honoras,
418 3189 521 3268 deum
556 3187 607 3254 eui
629 3206 694 3254 uon
718 3188 880 3272 relinquis,
914 3185 1023 3270 utique
1051 3203 1112 3250 non
1141 3186 1293 3250 honerass

156 3310 228 3359 eum
252 3291 324 3358 aliis
345 3292 415 3357 idee
438 3291 596 3374 relinquas
620 3292 730 3370 multa,
760 3291 907 3375 quonism
929 3309 1025 3371 emas,
1054 3291 1113 3356 dee
1133 3289 1203 3364 idqe
1225 3305 1286 3358 uun
1339 3351 1341 3360 .

154 3395 307 3477 relinquis
340 3395 486 3477 profesto,
521 3397 593 3478 quia
627 3409 688 3463 nen
722 3413 819 3463 amas.
856 3413 926 3462 eece
956 3393 1041 3461 enim
1072 3393 1197 3460 adsistit
1226 3392 1288 3464 tihi

153 3499 301 3564 morienti
330 3501 423 3581 atque
450 3499 579 3568 munti
603 3499 695 3566 home
717 3499 836 3581 pariter
858 3500 1000 3566 audeus.
1038 3516 1088 3562 res
1110 3499 1219 3579 aperte
1241 3499 1289 3564 est

155 3606 190 3668 et
211 3622 273 3668 nen
297 3602 404 3668 dubia:
424 3620 519 3685 ¹quern
544 3602 687 3688 elegeris,
708 3602 896 3686 praetulisti.
931 3603 958 3668 si
980 3603 1013 3668 iu
1036 3619 1097 3670 uuo
1120 3603 1169 3672 est
1190 3600 1289 3670 honor

118 3707 230 3780 roseio,
263 3724 385 3772 neeesse
413 3707 522 3773 estin
551 3706 613 3772 aiio
641 3707 820 3777 inueniatur
842 3725 908 3775 esse
930 3705 1096 3788 despectio.
1134 3705 1161 3769 si
1185 3703 1288 3785 hume,

154 3810 210 3890 qui
233 3810 419 3891 praefertur,
443 3811 559 3892 gaudet
581 3829 614 3874 se
637 3831 656 3877 a
677 3811 707 3876 te
731 3810 832 3894 diligi,
855 3827 979 3875 neeesse
1002 3809 1108 3874 estut
1130 3825 1164 3872 se
1186 3805 1290 3872 doleat

164 4111 168 4116 ·
209 4085 222 4138 1
247 4083 486 4152 dampnabiliorem
509 4084 537 4138 Β
640 4085 733 4154 3qu0
755 4085 787 4138 ut
804 4072 1041 4152 cendemnatieie)
1064 4084 1092 4134 A
1194 4078 1289 4149 dque

152 4170 237 4227 deum
254 4169 468 4227 Bitiarsleusa‘ue:
496 4170 567 4240 quod
585 4170 663 4224 deum
681 4171 751 4236 AB3
769 4169 822 4236 cfr.
839 4187 868 4224 u.
881 4173 936 4224 3.AE
1026 4169 1071 4222 sed
1089 4167 1153 4237 quie
1171 4166 1213 4222 ad.
1231 4166 1290 4219 Ba·

151 4257 247 4311 lustau
351 4256 385 4310 10
402 4256 521 4321 fundere,
539 4256 585 4310 uel
601 4255 662 4310 odie
681 4255 726 4310 sed
743 4255 891 4324 eupiditate
909 4257 1017 4312 tautum
1036 4255 1108 4323 (eum
1125 4255 1151 4320 b)
1171 4253 1212 4308 ad.
1231 4253 1289 4306 Ba-

150 4345 246 4400 lessius
279 4375 280 4379 =
342 4344 374 4398 12
392 4343 457 4396 haee
475 4359 524 4398 eru.
545 4343 573 4398 B
670 4343 702 4400 15
720 4344 857 4396 sontemta
875 4342 903 4396 B
1001 4341 1034 4394 18
1047 4339 1152 4394 iniuria
1169 4339 1292 4394 mutat

149 4429 356 4486 Ritterslrusius
446 4429 481 4484 20
499 4430 614 4500 propriis
631 4430 659 4484 Β
750 4429 785 4482 23
801 4428 862 4497 adq;
880 4429 908 4482 A
993 4426 1028 4482 30
1041 4425 1176 4496 dispectio
1191 4427 1219 4484 Δ
1268 4456 1271 4465 v

208 4533 286 4590 VIII.
1149 4533 1184 4587 20
