3172 5098
554 1209 768 1308 ulssnu
803 1208 900 1308 ΙΙΙΙ.

208 1488 234 1552 Ι.
264 1487 334 1554 Non
366 1507 416 1554 me
443 1486 609 1572 praeterit,
644 1488 769 1556 domina
797 1489 842 1554 mi
870 1488 1016 1573 ecclesia,
1049 1488 1152 1556 nutrix
1182 1487 1320 1554 beatael

164 1592 241 1678 spei,
272 1591 348 1657 hece
378 1610 457 1674 quae
486 1591 602 1658 libellis
625 1591 836 1676 superioribus
859 1592 1003 1672 diximus,
1037 1593 1195 1659 nonnullis
1219 1590 1292 1656 filiis

164 1697 229 1760 tuis
244 1694 405 1762 Christum
426 1715 538 1780 parum
561 1695 738 1762 amantibus
761 1697 933 1780 displicere.
964 1697 1017 1762 sed
1036 1715 1091 1762 nos
1114 1696 1293 1765 uoluntates

143 1818 271 1866 reorum
299 1817 361 1866 non
390 1800 497 1884 magni
525 1800 698 1884 pendimus,
727 1800 799 1884 qnia
822 1818 879 1864 nec
901 1800 1016 1866 mirum
1039 1803 1094 1878 est,
1118 1802 1155 1866 ut
1177 1800 1221 1865 eis
1245 1801 1292 1865 lo·

165 1903 295 1986 quentia
317 1903 354 1968 de
378 1904 434 1968 deo
458 1902 553 1968 uerba
576 1922 637 1969 uou
659 1905 812 1987 placeant,
837 1903 949 1986 quibus
971 1903 1037 1987 ipse
1059 1904 1191 1970 forsitan
1215 1904 1292 1969 deus

165 2025 227 2071 non
257 2007 374 2088 placet,
403 2024 459 2072 noc
487 2006 726 2090 expectandum,
756 2010 791 2073 ut
814 2008 1040 2074 insinuatorem
1062 2007 1175 2074 salutis
1198 2010 1293 2090 atque

165 2110 343 2196 animarum
371 2129 546 2178 sermonem
568 2113 673 2176 ament
696 2110 750 2192 qui
773 2111 909 2176 salutem
931 2112 1031 2194 ipsam
1055 2114 1149 2193 atque
1171 2110 1292 2176 animas

165 2231 239 2279 suas
270 2231 332 2278 non
360 2215 478 2278 amant.
516 2213 677 2280 sufiiciunt
704 2214 822 2296 itaque,
851 2215 933 2281 sicut
961 2213 993 2278 in
1016 2213 1096 2294 aliis,
1126 2212 1174 2279 ita
1196 2214 1310 2291 etiam¹

130 2344 156 2384 ιο
164 2317 198 2382 in
222 2317 279 2382 hoo
300 2320 389 2400 parte
412 2319 500 2384 nobis
516 2335 624 2383 sensus
642 2318 766 2383 tantum
781 2317 814 2382 et
828 2316 944 2382 iudicia
959 2320 1154 2382 sanctorum:
1180 2317 1292 2399 quibus

164 2421 250 2486 idem
273 2424 367 2502 atque
389 2423 471 2504 apud
492 2437 548 2485 nos
565 2421 781 2499 sentientibus,
806 2420 884 2484 corti
906 2419 1042 2504 prolecto
1066 2439 1172 2486 sumus
1196 2419 1292 2484 etiem

164 2524 259 2589 deum
274 2525 379 2605 ipsum
394 2522 509 2590 sentire
524 2523 694 2609 uobiscum,
718 2525 799 2608 quia,
817 2543 889 2590 cum
903 2526 936 2590 in
952 2525 1067 2592 sanctis
1081 2525 1147 2590 suis
1163 2523 1291 2607 spiritus

164 2627 216 2693 dei
240 2631 374 2707 maneat,
405 2629 520 2711 absque
548 2627 641 2694 dubio
665 2628 741 2694 deus
763 2627 909 2706 illiceat,
937 2629 992 2696 ubi
1014 2629 1070 2694 illa
1092 2648 1162 2712 pars
1185 2624 1290 2706 fuerit,

165 2748 268 2813 aqua
290 2729 340 2794 dei
368 2730 497 2812 spiritus
528 2748 589 2794 non
612 2730 738 2796 recedit.
776 2749 944 2814 prauorum
968 2749 1040 2814 ergo
1063 2731 1235 2808 hominum,
1259 2722 1323 2794 id2

129 2856 156 2897 15
164 2834 213 2898 est
240 2835 292 2900 uel
319 2851 511 2918 paganorum
538 2835 591 2898 uel
614 2834 838 2912 mundialium,
869 2853 976 2900 sensus
1008 2838 1063 2899 aut
1085 2834 1176 2918 parui
1199 2834 1293 2898 aesti-

163 2936 274 3001 mandi
296 2937 371 3002 sunt
392 2939 448 3000 aut
469 2936 689 3002 nihilomnino
712 2937 864 3004 faciendi:
889 2941 979 3021 quia
1002 2938 1035 3003 si
1057 2937 1293 3016 hominibus,

164 3041 270 3123 inquit
301 3042 466 3124 apostolus
496 3039 656 3122 placere
685 3040 845 3118 uellem,
876 3040 1029 3108 Christi
1060 3059 1195 3105 seruus
1218 3057 1293 3102 non

166 3163 300 3210 essem.
337 3144 416 3209 illud
439 3146 546 3210 durius
568 3162 604 3210 ac
627 3144 798 3222 molestius,
827 3145 908 3226 quod
931 3145 1066 3227 quidam,
1091 3148 1126 3208 ut
1149 3141 1292 3218 arbitror,

164 3247 303 3313 filiorum
332 3248 456 3313 tuorum
484 3246 542 3312 sub
570 3247 731 3330 religionis
759 3249 851 3312 titulo
879 3266 897 3314 a
925 3245 1073 3329 religione
1103 3245 1292 3311 dissentiunt

128 3353 197 3416 rost
218 3350 329 3415 habitu
358 3349 459 3433 magis
481 3347 639 3415 saeculum
662 3349 814 3432 reliquere
838 3368 931 3432 quam
954 3368 1061 3414 sensu:
1093 3367 1234 3432 quorum,
1258 3347 1292 3412 ni

165 3453 269 3532 fallor,
293 3453 448 3518 sententia
470 3452 527 3517 hoc
548 3452 644 3518 habet
665 3455 757 3535 etque
780 3453 905 3536 adserit,
929 3453 1013 3519 omni
1032 3453 1157 3518 omnino
1172 3449 1292 3518 homini

166 3555 345 3622 Christiano
367 3557 630 3640 propinquitatem
658 3556 692 3620 in
715 3557 798 3622 exitu
822 3555 921 3639 magis
944 3557 1202 3622 considerandam
1224 3572 1290 3619 esse

165 3678 261 3742 quam
284 3657 456 3726 Christum.
495 3663 526 3724 ot
552 3659 626 3741 quia
647 3656 776 3741 profana
799 3659 924 3740 ponitus
947 3676 1003 3739 per
1025 3657 1058 3724 se
1081 3659 1148 3722 erat
1170 3649 1322 3723 creora-3

164 3761 302 3846 bilisque
315 3763 479 3844 sententia,
492 3763 608 3841 colare,
623 3765 756 3845 utputo,
770 3761 1018 3828 infidelissimam
1030 3760 1291 3843 praedicationem

272 3965 304 4020 16
323 3965 382 4020 Gal.
403 3968 427 4032 l,
447 3966 480 4021 10

218 4153 393 4208 3nonnnllis
411 4168 445 4208 eoo
464 4154 510 4208 -lli
528 4169 599 4210 corr.
616 4171 651 4208 oo.
669 4156 689 4208 2
706 4155 734 4208 A
838 4153 868 4207 11
889 4154 955 4222 aput
972 4153 999 4206 A
1102 4151 1190 4220 atque]
1210 4165 1292 4220 aeque

164 4240 209 4295 od.
228 4241 367 4298 Betucius
386 4241 458 4310 (cocu
476 4241 504 4309 b)
609 4241 642 4294 15
665 4241 708 4294 uel
726 4243 802 4308 (poet
819 4237 1092 4308 commmittens
1195 4237 1292 4291 1711-

163 4326 233 4396 quid
259 4327 287 4380 B
391 4326 425 4380 20
451 4325 597 4395 relinquere
624 4341 657 4382 ec
683 4324 764 4394 reliq-
791 4339 862 4381 corr.
887 4341 918 4378 m.
941 4325 960 4377 2
986 4323 1013 4378 B
1115 4322 1148 4376 22
1175 4323 1293 4378 conside·

162 4411 278 4468 randum
297 4413 325 4466 A
