<?xml version="1.0" encoding="UTF-8"?>
<!DOCTYPE html PUBLIC "-//W3C//DTD XHTML 1.0 Transitional//EN"
    "http://www.w3.org/TR/xhtml1/DTD/xhtml1-transitional.dtd">
<html xmlns="http://www.w3.org/1999/xhtml" xml:lang="en" lang="en">
 <head>
  <title>
</title>
<meta http-equiv="Content-Type" content="text/html;charset=utf-8" />
  <meta name='ocr-system' content='tesseract 3.04.00' />
  <meta name='ocr-capabilities' content='ocr_page ocr_carea ocr_par ocr_line ocrx_word'/>
</head>
<body>
  <div class='ocr_page' id='page_1' title='image "./corpusscriptoru07wissgoog_0275.png"; bbox 0 0 3178 5100; ppageno 0'>
   <div class='ocr_carea' id='block_1_1' title="bbox 260 427 905 500">
    <p class='ocr_par' dir='ltr' id='par_1_1' title="bbox 260 427 905 500">
     <span class='ocr_line' id='line_1_1' title="bbox 260 427 905 500; baseline -0.003 -18"><span class='ocrx_word' id='word_1_1' title='bbox 260 431 324 500; x_wconf 75' lang='lat'><strong>252</strong></span> <span class='ocrx_word' id='word_1_2' title='bbox 747 427 905 482; x_wconf 86' lang='lat' dir='ltr'><strong>Saluiani</strong></span> 
     </span>
    </p>
   </div>
   <div class='ocr_carea' id='block_1_2' title="bbox 157 617 1582 1424">
    <p class='ocr_par' dir='ltr' id='par_1_2' title="bbox 262 617 1396 706">
     <span class='ocr_line' id='line_1_2' title="bbox 262 617 1396 706; baseline -0.001 -21"><span class='ocrx_word' id='word_1_3' title='bbox 262 623 334 704; x_wconf 82' lang='lat' dir='ltr'><strong>erge</strong></span> <span class='ocrx_word' id='word_1_4' title='bbox 369 622 444 684; x_wconf 80' lang='lat' dir='ltr'><strong>sunt</strong></span> <span class='ocrx_word' id='word_1_5' title='bbox 466 638 484 684; x_wconf 90' lang='lat' dir='ltr'><strong>a</strong></span> <span class='ocrx_word' id='word_1_6' title='bbox 505 617 656 706; x_wconf 86' lang='lat' dir='ltr'><strong>mandate</strong></span> <span class='ocrx_word' id='word_1_7' title='bbox 684 619 743 697; x_wconf 82' lang='lat' dir='ltr'><strong>dei,</strong></span> <span class='ocrx_word' id='word_1_8' title='bbox 777 637 853 702; x_wconf 87' lang='lat' dir='ltr'><strong>qucs</strong></span> <span class='ocrx_word' id='word_1_9' title='bbox 884 637 956 684; x_wconf 87' lang='lat' dir='ltr'><strong>cum</strong></span> <span class='ocrx_word' id='word_1_10' title='bbox 985 619 1070 702; x_wconf 86' lang='lat' dir='ltr'><strong>ipsce</strong></span> <span class='ocrx_word' id='word_1_11' title='bbox 1097 618 1225 684; x_wconf 87' lang='lat' dir='ltr'><strong>iusserit</strong></span> <span class='ocrx_word' id='word_1_12' title='bbox 1247 620 1321 684; x_wconf 88' lang='lat' dir='ltr'><strong>deus</strong></span> <span class='ocrx_word' id='word_1_13' title='bbox 1343 621 1396 684; x_wconf 67' lang='lat' dir='ltr'><strong>uib</strong></span> 
     </span>
    </p>

    <p class='ocr_par' dir='ltr' id='par_1_3' title="bbox 157 719 1582 925">
     <span class='ocr_line' id='line_1_3' title="bbox 261 719 1582 806; baseline 0.003 -18"><span class='ocrx_word' id='word_1_14' title='bbox 261 725 373 788; x_wconf 86' lang='lat' dir='ltr'><strong>nentes</strong></span> <span class='ocrx_word' id='word_1_15' title='bbox 401 722 511 806; x_wconf 83' lang='lat' dir='ltr'><strong>opibus</strong></span> <span class='ocrx_word' id='word_1_16' title='bbox 539 724 728 801; x_wconf 84' lang='lat' dir='ltr'><strong>renuntiare,</strong></span> <span class='ocrx_word' id='word_1_17' title='bbox 756 722 808 788; x_wconf 89' lang='lat' dir='ltr'><strong>illi</strong></span> <span class='ocrx_word' id='word_1_18' title='bbox 836 742 887 788; x_wconf 85' lang='lat' dir='ltr'><strong>eas</strong></span> <span class='ocrx_word' id='word_1_19' title='bbox 915 723 1046 804; x_wconf 88' lang='lat' dir='ltr'><strong>cupiunt</strong></span> <span class='ocrx_word' id='word_1_20' title='bbox 1074 723 1171 790; x_wconf 88' lang='lat' dir='ltr'><strong>etiam</strong></span> <span class='ocrx_word' id='word_1_21' title='bbox 1198 719 1232 787; x_wconf 92' lang='lat' dir='ltr'><strong>in</strong></span> <span class='ocrx_word' id='word_1_22' title='bbox 1254 724 1395 806; x_wconf 82' lang='lat' dir='ltr'><strong>cognatis</strong></span> <span class='ocrx_word' id='word_1_23' title='bbox 1581 789 1582 792; x_wconf 74' lang='grc'>,</span> 
     </span>
     <span class='ocr_line' id='line_1_4' title="bbox 157 825 1525 925; baseline 0 -33"><span class='ocrx_word' id='word_1_24' title='bbox 157 898 158 902; x_wconf 8' lang='grc' dir='ltr'><strong>Ἰ</strong></span> <span class='ocrx_word' id='word_1_25' title='bbox 261 827 328 894; x_wconf 87' lang='lat' dir='ltr'><strong>suis</strong></span> <span class='ocrx_word' id='word_1_26' title='bbox 350 828 467 894; x_wconf 87' lang='lat' dir='ltr'><strong>mortui</strong></span> <span class='ocrx_word' id='word_1_27' title='bbox 488 827 664 910; x_wconf 87' lang='lat' dir='ltr'><strong>possidere:</strong></span> <span class='ocrx_word' id='word_1_28' title='bbox 694 831 750 893; x_wconf 91' lang='lat' dir='ltr'><strong>aut</strong></span> <span class='ocrx_word' id='word_1_29' title='bbox 773 845 866 910; x_wconf 89' lang='lat' dir='ltr'><strong>quam</strong></span> <span class='ocrx_word' id='word_1_30' title='bbox 889 827 983 910; x_wconf 83' lang='lat' dir='ltr'><strong>longe</strong></span> <span class='ocrx_word' id='word_1_31' title='bbox 1003 828 1043 892; x_wconf 91' lang='lat' dir='ltr'><strong>ah</strong></span> <span class='ocrx_word' id='word_1_32' title='bbox 1065 844 1102 891; x_wconf 91' lang='lat' dir='ltr'><strong>ea</strong></span> <span class='ocrx_word' id='word_1_33' title='bbox 1123 825 1287 890; x_wconf 83' lang='lat' dir='ltr'><strong>deuotione</strong></span> <span class='ocrx_word' id='word_1_34' title='bbox 1310 827 1395 904; x_wconf 85' lang='lat' dir='ltr'><strong>sunt,</strong></span> <span class='ocrx_word' id='word_1_35' title='bbox 1431 875 1438 886; x_wconf 89' lang='lat'>.</span> <span class='ocrx_word' id='word_1_36' title='bbox 1522 917 1525 925; x_wconf 19' lang='grc' dir='ltr'><strong><em>Δ</em></strong></span> 
     </span>
    </p>

    <p class='ocr_par' dir='ltr' id='par_1_4' title="bbox 205 921 1582 1012">
     <span class='ocr_line' id='line_1_5' title="bbox 205 921 1582 1012; baseline -0.001 -18"><span class='ocrx_word' id='word_1_37' title='bbox 205 939 210 970; x_wconf 86' lang='lat'><strong>·‘</strong></span> <span class='ocrx_word' id='word_1_38' title='bbox 261 934 298 994; x_wconf 84' lang='lat' dir='ltr'><strong>ut</strong></span> <span class='ocrx_word' id='word_1_39' title='bbox 320 929 507 994; x_wconf 85' lang='lat' dir='ltr'><strong>exheredent</strong></span> <span class='ocrx_word' id='word_1_40' title='bbox 534 928 618 1012; x_wconf 89' lang='lat' dir='ltr'><strong>ipses</strong></span> <span class='ocrx_word' id='word_1_41' title='bbox 647 947 681 994; x_wconf 89' lang='lat' dir='ltr'><strong>sc</strong></span> <span class='ocrx_word' id='word_1_42' title='bbox 707 931 831 1012; x_wconf 85' lang='lat' dir='ltr'><strong>prepter</strong></span> <span class='ocrx_word' id='word_1_43' title='bbox 860 930 953 994; x_wconf 87' lang='lat' dir='ltr'><strong>deum</strong></span> <span class='ocrx_word' id='word_1_44' title='bbox 982 931 1036 1011; x_wconf 89' lang='lat' dir='ltr'><strong>qui</strong></span> <span class='ocrx_word' id='word_1_45' title='bbox 1072 930 1255 995; x_wconf 72' lang='lat' dir='ltr'><strong>exheredare</strong></span> <span class='ocrx_word' id='word_1_46' title='bbox 1283 929 1397 994; x_wconf 86' lang='lat' dir='ltr'><strong>nolunt</strong></span> <span class='ocrx_word' id='word_1_47' title='bbox 1581 921 1582 992; x_wconf 76' lang='lat' dir='ltr'><strong>i</strong></span> 
     </span>
    </p>

    <p class='ocr_par' dir='ltr' id='par_1_5' title="bbox 261 1030 1428 1115">
     <span class='ocr_line' id='line_1_6' title="bbox 261 1030 1428 1115; baseline -0.002 -17"><span class='ocrx_word' id='word_1_48' title='bbox 261 1031 369 1098; x_wconf 84' lang='lat' dir='ltr'><strong>saltim</strong></span> <span class='ocrx_word' id='word_1_49' title='bbox 391 1033 554 1097; x_wconf 78' lang='lat' dir='ltr'><strong>extraneos</strong></span> <span class='ocrx_word' id='word_1_50' title='bbox 582 1033 710 1115; x_wconf 89' lang='lat' dir='ltr'><strong>prepter</strong></span> <span class='ocrx_word' id='word_1_51' title='bbox 732 1035 788 1096; x_wconf 79' lang='lat' dir='ltr'><strong>se?</strong></span> <span class='ocrx_word' id='word_1_52' title='bbox 825 1033 937 1115; x_wconf 88' lang='lat' dir='ltr'><strong>quibus</strong></span> <span class='ocrx_word' id='word_1_53' title='bbox 965 1030 1101 1096; x_wconf 75' lang='lat' dir='ltr'><strong>libenter</strong></span> <span class='ocrx_word' id='word_1_54' title='bbox 1123 1030 1220 1097; x_wconf 91' lang='lat' dir='ltr'><strong>libere</strong></span> <span class='ocrx_word' id='word_1_55' title='bbox 1243 1033 1394 1098; x_wconf 88' lang='lat' dir='ltr'><strong>dicerem:</strong></span> <span class='ocrx_word' id='word_1_56' title='bbox 1415 1055 1428 1096; x_wconf 79' lang='lat' dir='ltr'><strong>e</strong></span> 
     </span>
    </p>

    <p class='ocr_par' dir='ltr' id='par_1_6' title="bbox 260 1134 1395 1218">
     <span class='ocr_line' id='line_1_7' title="bbox 260 1134 1395 1218; baseline 0 -18"><span class='ocrx_word' id='word_1_57' title='bbox 260 1152 340 1218; x_wconf 85' lang='lat' dir='ltr'><strong>quae</strong></span> <span class='ocrx_word' id='word_1_58' title='bbox 368 1135 490 1200; x_wconf 83' lang='lat' dir='ltr'><strong>insania</strong></span> <span class='ocrx_word' id='word_1_59' title='bbox 520 1135 577 1214; x_wconf 85' lang='lat' dir='ltr'><strong>eet,</strong></span> <span class='ocrx_word' id='word_1_60' title='bbox 609 1153 626 1200; x_wconf 93' lang='lat' dir='ltr'><strong>c</strong></span> <span class='ocrx_word' id='word_1_61' title='bbox 648 1134 836 1214; x_wconf 80' lang='lat' dir='ltr'><strong>miserrimi!</strong></span> <span class='ocrx_word' id='word_1_62' title='bbox 871 1135 907 1198; x_wconf 88' lang='lat' dir='ltr'><strong>ut</strong></span> <span class='ocrx_word' id='word_1_63' title='bbox 935 1134 1065 1199; x_wconf 89' lang='lat' dir='ltr'><strong>heredes</strong></span> <span class='ocrx_word' id='word_1_64' title='bbox 1084 1134 1163 1200; x_wconf 87' lang='lat' dir='ltr'><strong>elios</strong></span> <span class='ocrx_word' id='word_1_65' title='bbox 1186 1152 1395 1218; x_wconf 86' lang='lat' dir='ltr'><strong>quoscumque</strong></span> 
     </span>
    </p>

    <p class='ocr_par' dir='ltr' id='par_1_7' title="bbox 261 1237 1395 1322">
     <span class='ocr_line' id='line_1_8' title="bbox 261 1237 1395 1322; baseline 0.002 -20"><span class='ocrx_word' id='word_1_66' title='bbox 261 1238 396 1319; x_wconf 82' lang='lat' dir='ltr'><strong>faciatis,</strong></span> <span class='ocrx_word' id='word_1_67' title='bbox 421 1256 476 1304; x_wconf 87' lang='lat' dir='ltr'><strong>ucs</strong></span> <span class='ocrx_word' id='word_1_68' title='bbox 499 1237 584 1319; x_wconf 86' lang='lat' dir='ltr'><strong>ipses</strong></span> <span class='ocrx_word' id='word_1_69' title='bbox 605 1242 710 1304; x_wconf 84' lang='lat' dir='ltr'><strong>nestro</strong></span> <span class='ocrx_word' id='word_1_70' title='bbox 734 1237 944 1321; x_wconf 81' lang='lat' dir='ltr'><strong>exheredatis3</strong></span> <span class='ocrx_word' id='word_1_71' title='bbox 971 1241 1009 1302; x_wconf 83' lang='lat' dir='ltr'><strong>ut</strong></span> <span class='ocrx_word' id='word_1_72' title='bbox 1032 1237 1111 1303; x_wconf 80' lang='lat' dir='ltr'><strong>elios</strong></span> <span class='ocrx_word' id='word_1_73' title='bbox 1133 1237 1319 1322; x_wconf 84' lang='lat' dir='ltr'><strong>relinquatis</strong></span> <span class='ocrx_word' id='word_1_74' title='bbox 1341 1240 1395 1304; x_wconf 87' lang='lat' dir='ltr'><strong>uel</strong></span> 
     </span>
    </p>

    <p class='ocr_par' dir='ltr' id='par_1_8' title="bbox 257 1340 1251 1424">
     <span class='ocr_line' id='line_1_9' title="bbox 257 1340 1251 1424; baseline 0.002 -18"><span class='ocrx_word' id='word_1_75' title='bbox 257 1340 350 1406; x_wconf 87' lang='lat' dir='ltr'><strong>breui</strong></span> <span class='ocrx_word' id='word_1_76' title='bbox 373 1341 498 1421; x_wconf 86' lang='lat' dir='ltr'><strong>diuites,</strong></span> <span class='ocrx_word' id='word_1_77' title='bbox 523 1359 578 1406; x_wconf 92' lang='lat' dir='ltr'><strong>ucs</strong></span> <span class='ocrx_word' id='word_1_78' title='bbox 600 1344 685 1424; x_wconf 86' lang='lat' dir='ltr'><strong>ipsos</strong></span> <span class='ocrx_word' id='word_1_79' title='bbox 707 1344 836 1406; x_wconf 85' lang='lat' dir='ltr'><strong>aeterna</strong></span> <span class='ocrx_word' id='word_1_80' title='bbox 857 1341 1063 1406; x_wconf 76' lang='lat' dir='ltr'><strong>mendicitate</strong></span> <span class='ocrx_word' id='word_1_81' title='bbox 1085 1343 1251 1409; x_wconf 84' lang='lat' dir='ltr'><strong>damnatis.</strong></span> 
     </span>
    </p>
   </div>
   <div class='ocr_carea' id='block_1_3' title="bbox 147 1465 1430 3527">
    <p class='ocr_par' dir='ltr' id='par_1_9' title="bbox 208 1465 1430 1976">
     <span class='ocr_line' id='line_1_10' title="bbox 208 1465 1394 1563; baseline 0.003 -20"><span class='ocrx_word' id='word_1_82' title='bbox 208 1489 251 1556; x_wconf 82' lang='lat'><strong>23</strong></span> <span class='ocrx_word' id='word_1_83' title='bbox 303 1465 358 1544; x_wconf 78' lang='lat' dir='ltr'><strong>VI.</strong></span> <span class='ocrx_word' id='word_1_84' title='bbox 390 1478 451 1545; x_wconf 84' lang='lat' dir='ltr'><strong>Sed</strong></span> <span class='ocrx_word' id='word_1_85' title='bbox 473 1479 594 1563; x_wconf 87' lang='lat' dir='ltr'><strong>quaerit</strong></span> <span class='ocrx_word' id='word_1_86' title='bbox 616 1479 749 1544; x_wconf 86' lang='lat' dir='ltr'><strong>fortasse</strong></span> <span class='ocrx_word' id='word_1_87' title='bbox 773 1478 897 1561; x_wconf 85' lang='lat' dir='ltr'><strong>aliquis,</strong></span> <span class='ocrx_word' id='word_1_88' title='bbox 921 1477 998 1561; x_wconf 89' lang='lat' dir='ltr'><strong>quid</strong></span> <span class='ocrx_word' id='word_1_89' title='bbox 1020 1480 1063 1544; x_wconf 87' lang='lat' dir='ltr'><strong>sit</strong></span> <span class='ocrx_word' id='word_1_90' title='bbox 1084 1478 1180 1562; x_wconf 86' lang='lat' dir='ltr'><strong>istud,</strong></span> <span class='ocrx_word' id='word_1_91' title='bbox 1205 1480 1288 1562; x_wconf 90' lang='lat' dir='ltr'><strong>quod</strong></span> <span class='ocrx_word' id='word_1_92' title='bbox 1309 1498 1394 1546; x_wconf 91' lang='lat' dir='ltr'><strong>nunc</strong></span> 
     </span>
     <span class='ocr_line' id='line_1_11' title="bbox 260 1581 1430 1667; baseline -0.003 -20"><span class='ocrx_word' id='word_1_93' title='bbox 260 1583 331 1666; x_wconf 90' lang='lat' dir='ltr'><strong>plus</strong></span> <span class='ocrx_word' id='word_1_94' title='bbox 354 1584 458 1666; x_wconf 85' lang='lat' dir='ltr'><strong>erigat</strong></span> <span class='ocrx_word' id='word_1_95' title='bbox 480 1587 553 1650; x_wconf 89' lang='lat' dir='ltr'><strong>deus</strong></span> <span class='ocrx_word' id='word_1_96' title='bbox 568 1599 587 1646; x_wconf 82' lang='lat' dir='ltr'>a</span> <span class='ocrx_word' id='word_1_97' title='bbox 602 1581 788 1648; x_wconf 82' lang='lat' dir='ltr'><strong>Christianis</strong></span> <span class='ocrx_word' id='word_1_98' title='bbox 811 1599 865 1664; x_wconf 91' lang='lat' dir='ltr'><strong>per</strong></span> <span class='ocrx_word' id='word_1_99' title='bbox 888 1582 1089 1667; x_wconf 85' lang='lat' dir='ltr'><strong>euangelium</strong></span> <span class='ocrx_word' id='word_1_100' title='bbox 1111 1601 1242 1666; x_wconf 85' lang='lat' dir='ltr'><strong>quamn</strong></span> <span class='ocrx_word' id='word_1_101' title='bbox 1266 1582 1430 1650; x_wconf 83' lang='lat' dir='ltr'><strong>Iudaeisre</strong></span> 
     </span>
     <span class='ocr_line' id='line_1_12' title="bbox 261 1686 1394 1770; baseline 0.001 -18"><span class='ocrx_word' id='word_1_102' title='bbox 261 1686 334 1752; x_wconf 84' lang='lat' dir='ltr'><strong>ente</strong></span> <span class='ocrx_word' id='word_1_103' title='bbox 356 1705 411 1768; x_wconf 90' lang='lat' dir='ltr'><strong>per</strong></span> <span class='ocrx_word' id='word_1_104' title='bbox 433 1686 547 1770; x_wconf 85' lang='lat' dir='ltr'><strong>legem.</strong></span> <span class='ocrx_word' id='word_1_105' title='bbox 584 1686 671 1752; x_wconf 82' lang='lat' dir='ltr'><strong>certa</strong></span> <span class='ocrx_word' id='word_1_106' title='bbox 692 1687 785 1752; x_wconf 88' lang='lat' dir='ltr'><strong>istius</strong></span> <span class='ocrx_word' id='word_1_107' title='bbox 807 1689 852 1751; x_wconf 92' lang='lat' dir='ltr'><strong>rei</strong></span> <span class='ocrx_word' id='word_1_108' title='bbox 880 1688 960 1752; x_wconf 89' lang='lat' dir='ltr'><strong>ratic</strong></span> <span class='ocrx_word' id='word_1_109' title='bbox 983 1691 1048 1752; x_wconf 88' lang='lat' dir='ltr'><strong>est:</strong></span> <span class='ocrx_word' id='word_1_110' title='bbox 1076 1687 1146 1751; x_wconf 88' lang='lat' dir='ltr'><strong>idco</strong></span> <span class='ocrx_word' id='word_1_111' title='bbox 1169 1686 1252 1752; x_wconf 91' lang='lat' dir='ltr'><strong>euim</strong></span> <span class='ocrx_word' id='word_1_112' title='bbox 1275 1689 1394 1753; x_wconf 86' lang='lat' dir='ltr'><strong>maiora</strong></span> 
     </span>
     <span class='ocr_line' id='line_1_13' title="bbox 259 1788 1394 1874; baseline -0.002 -18"><span class='ocrx_word' id='word_1_113' title='bbox 259 1807 344 1856; x_wconf 88' lang='lat' dir='ltr'><strong>nunc</strong></span> <span class='ocrx_word' id='word_1_114' title='bbox 372 1789 497 1855; x_wconf 90' lang='lat' dir='ltr'><strong>demine</strong></span> <span class='ocrx_word' id='word_1_115' title='bbox 526 1793 631 1855; x_wconf 83' lang='lat' dir='ltr'><strong>nestro</strong></span> <span class='ocrx_word' id='word_1_116' title='bbox 654 1790 817 1867; x_wconf 88' lang='lat' dir='ltr'><strong>soluimus,</strong></span> <span class='ocrx_word' id='word_1_117' title='bbox 847 1791 920 1874; x_wconf 87' lang='lat' dir='ltr'><strong>quie</strong></span> <span class='ocrx_word' id='word_1_118' title='bbox 947 1790 1067 1856; x_wconf 85' lang='lat' dir='ltr'><strong>maiora</strong></span> <span class='ocrx_word' id='word_1_119' title='bbox 1089 1790 1246 1855; x_wconf 87' lang='lat' dir='ltr'><strong>debemus.</strong></span> <span class='ocrx_word' id='word_1_120' title='bbox 1284 1788 1394 1854; x_wconf 85' lang='lat' dir='ltr'><strong>Iudaei</strong></span> 
     </span>
     <span class='ocr_line' id='line_1_14' title="bbox 260 1892 1392 1976; baseline -0.001 -18"><span class='ocrx_word' id='word_1_121' title='bbox 260 1895 374 1976; x_wconf 90' lang='lat' dir='ltr'><strong>quippe</strong></span> <span class='ocrx_word' id='word_1_122' title='bbox 405 1892 565 1959; x_wconf 80' lang='lat' dir='ltr'><strong>habebant</strong></span> <span class='ocrx_word' id='word_1_123' title='bbox 598 1894 754 1976; x_wconf 82' lang='lat' dir='ltr'><strong>quendem</strong></span> <span class='ocrx_word' id='word_1_124' title='bbox 788 1895 932 1962; x_wconf 88' lang='lat' dir='ltr'><strong>umbram</strong></span> <span class='ocrx_word' id='word_1_125' title='bbox 969 1915 1075 1960; x_wconf 91' lang='lat' dir='ltr'><strong>rerum</strong></span> <span class='ocrx_word' id='word_1_126' title='bbox 1113 1911 1170 1958; x_wconf 84' lang='lat' dir='ltr'><strong>nce</strong></span> <span class='ocrx_word' id='word_1_127' title='bbox 1203 1892 1392 1958; x_wconf 88' lang='lat' dir='ltr'><strong>ueritatem:</strong></span> 
     </span>
    </p>

    <p class='ocr_par' dir='ltr' id='par_1_10' title="bbox 209 1982 1393 2085">
     <span class='ocr_line' id='line_1_15' title="bbox 209 1982 1393 2085; baseline 0.003 -26"><span class='ocrx_word' id='word_1_128' title='bbox 209 2067 212 2085; x_wconf 44' lang='grc' dir='ltr'>Ι</span> <span class='ocrx_word' id='word_1_129' title='bbox 259 1995 369 2060; x_wconf 84' lang='lat' dir='ltr'><strong>Iudaei</strong></span> <span class='ocrx_word' id='word_1_130' title='bbox 397 1996 524 2062; x_wconf 86' lang='lat' dir='ltr'><strong>fuerunt</strong></span> <span class='ocrx_word' id='word_1_131' title='bbox 554 1996 637 2062; x_wconf 87' lang='lat' dir='ltr'><strong>serui</strong></span> <span class='ocrx_word' id='word_1_132' title='bbox 666 2015 722 2062; x_wconf 87' lang='lat' dir='ltr'><strong>nos</strong></span> <span class='ocrx_word' id='word_1_133' title='bbox 746 1997 902 2080; x_wconf 86' lang='lat' dir='ltr'><strong>adeptiui:</strong></span> <span class='ocrx_word' id='word_1_134' title='bbox 936 1984 1047 2064; x_wconf 80' lang='lat' dir='ltr'><strong>Iudaei</strong></span> <span class='ocrx_word' id='word_1_135' title='bbox 1071 1982 1257 2078; x_wconf 80' lang='lat' dir='ltr'><strong>acceperunt</strong></span> <span class='ocrx_word' id='word_1_136' title='bbox 1279 1994 1393 2080; x_wconf 88' lang='lat' dir='ltr'><strong>iugum</strong></span> 
     </span>
    </p>

    <p class='ocr_par' dir='ltr' id='par_1_11' title="bbox 228 2098 1430 3114">
     <span class='ocr_line' id='line_1_16' title="bbox 228 2098 1429 2184; baseline -0.002 -22"><span class='ocrx_word' id='word_1_137' title='bbox 228 2117 231 2122; x_wconf 89' lang='lat'>·</span> <span class='ocrx_word' id='word_1_138' title='bbox 259 2117 316 2165; x_wconf 88' lang='lat' dir='ltr'><strong>nos</strong></span> <span class='ocrx_word' id='word_1_139' title='bbox 339 2099 529 2178; x_wconf 83' lang='lat' dir='ltr'><strong>libertatem,</strong></span> <span class='ocrx_word' id='word_1_140' title='bbox 552 2099 659 2166; x_wconf 83' lang='lat' dir='ltr'><strong>Iudaei</strong></span> <span class='ocrx_word' id='word_1_141' title='bbox 682 2101 852 2167; x_wconf 82' lang='lat' dir='ltr'><strong>meledicta</strong></span> <span class='ocrx_word' id='word_1_142' title='bbox 874 2119 931 2166; x_wconf 85' lang='lat' dir='ltr'><strong>nes</strong></span> <span class='ocrx_word' id='word_1_143' title='bbox 947 2102 1094 2184; x_wconf 81' lang='lat' dir='ltr'><strong>gratiam,</strong></span> <span class='ocrx_word' id='word_1_144' title='bbox 1118 2099 1225 2165; x_wconf 86' lang='lat' dir='ltr'><strong>Iudaei</strong></span> <span class='ocrx_word' id='word_1_145' title='bbox 1248 2098 1393 2164; x_wconf 86' lang='lat' dir='ltr'><strong>litteram</strong></span> <span class='ocrx_word' id='word_1_146' title='bbox 1404 2118 1429 2160; x_wconf 79' lang='lat' dir='ltr'><strong>rs</strong></span> 
     </span>
     <span class='ocr_line' id='line_1_17' title="bbox 260 2201 1393 2286; baseline 0.002 -21"><span class='ocrx_word' id='word_1_147' title='bbox 260 2201 503 2268; x_wconf 86' lang='lat' dir='ltr'><strong>interficientem</strong></span> <span class='ocrx_word' id='word_1_148' title='bbox 525 2221 580 2268; x_wconf 87' lang='lat' dir='ltr'><strong>nce</strong></span> <span class='ocrx_word' id='word_1_149' title='bbox 603 2202 750 2286; x_wconf 89' lang='lat' dir='ltr'><strong>spiritum</strong></span> <span class='ocrx_word' id='word_1_150' title='bbox 774 2203 1006 2270; x_wconf 84' lang='lat' dir='ltr'><strong>uiuificentem:</strong></span> <span class='ocrx_word' id='word_1_151' title='bbox 1041 2203 1167 2270; x_wconf 84' lang='lat' dir='ltr'><strong>Iudaeis</strong></span> <span class='ocrx_word' id='word_1_152' title='bbox 1191 2218 1299 2267; x_wconf 87' lang='lat' dir='ltr'><strong>seruus</strong></span> <span class='ocrx_word' id='word_1_153' title='bbox 1323 2208 1393 2267; x_wconf 85' lang='lat' dir='ltr'><strong>rnn-</strong></span> 
     </span>
     <span class='ocr_line' id='line_1_18' title="bbox 257 2306 1393 2389; baseline -0.002 -17"><span class='ocrx_word' id='word_1_154' title='bbox 257 2307 359 2389; x_wconf 79' lang='lat' dir='ltr'><strong>&#39;gister</strong></span> <span class='ocrx_word' id='word_1_155' title='bbox 381 2307 494 2371; x_wconf 89' lang='lat' dir='ltr'><strong>missus</strong></span> <span class='ocrx_word' id='word_1_156' title='bbox 517 2308 565 2372; x_wconf 90' lang='lat' dir='ltr'><strong>est</strong></span> <span class='ocrx_word' id='word_1_157' title='bbox 587 2308 676 2373; x_wconf 89' lang='lat' dir='ltr'><strong>nobis</strong></span> <span class='ocrx_word' id='word_1_158' title='bbox 698 2306 800 2372; x_wconf 75' lang='lat' dir='ltr'><strong>filinsz</strong></span> <span class='ocrx_word' id='word_1_159' title='bbox 824 2307 934 2373; x_wconf 85' lang='lat' dir='ltr'><strong>Iudaei</strong></span> <span class='ocrx_word' id='word_1_160' title='bbox 957 2326 1114 2389; x_wconf 83' lang='lat' dir='ltr'><strong>perurere</strong></span> <span class='ocrx_word' id='word_1_161' title='bbox 1136 2307 1329 2374; x_wconf 87' lang='lat' dir='ltr'><strong>transierunt</strong></span> <span class='ocrx_word' id='word_1_162' title='bbox 1352 2306 1393 2370; x_wconf 86' lang='lat' dir='ltr'><strong>ad</strong></span> 
     </span>
     <span class='ocr_line' id='line_1_19' title="bbox 260 2397 1394 2496; baseline 0.001 -23"><span class='ocrx_word' id='word_1_163' title='bbox 260 2407 423 2475; x_wconf 83' lang='lat' dir='ltr'><strong>heremum</strong></span> <span class='ocrx_word' id='word_1_164' title='bbox 456 2429 510 2476; x_wconf 89' lang='lat' dir='ltr'><strong>nus</strong></span> <span class='ocrx_word' id='word_1_165' title='bbox 546 2427 604 2494; x_wconf 89' lang='lat' dir='ltr'><strong>pcr·</strong></span> <span class='ocrx_word' id='word_1_166' title='bbox 637 2410 795 2494; x_wconf 87' lang='lat' dir='ltr'><strong>baptisma</strong></span> <span class='ocrx_word' id='word_1_167' title='bbox 831 2397 997 2476; x_wconf 85' lang='lat' dir='ltr'><strong>introimus</strong></span> <span class='ocrx_word' id='word_1_168' title='bbox 1031 2411 1063 2476; x_wconf 91' lang='lat' dir='ltr'><strong>in</strong></span> <span class='ocrx_word' id='word_1_169' title='bbox 1096 2429 1243 2496; x_wconf 84' lang='lat' dir='ltr'><strong>regnum:</strong></span> <span class='ocrx_word' id='word_1_170' title='bbox 1282 2409 1394 2475; x_wconf 85' lang='lat' dir='ltr'><strong>Iudaei</strong></span> 
     </span>
     <span class='ocr_line' id='line_1_20' title="bbox 258 2511 1394 2592; baseline 0.002 -16"><span class='ocrx_word' id='word_1_171' title='bbox 258 2515 629 2580; x_wconf 61' lang='lat' dir='ltr'><strong>menna&#39;menducauerc</strong></span> <span class='ocrx_word' id='word_1_172' title='bbox 651 2531 707 2579; x_wconf 89' lang='lat' dir='ltr'><strong>nos</strong></span> <span class='ocrx_word' id='word_1_173' title='bbox 731 2511 904 2592; x_wconf 74' lang='lat' dir='ltr'><strong>Christum,</strong></span> <span class='ocrx_word' id='word_1_174' title='bbox 936 2513 1043 2579; x_wconf 83' lang='lat' dir='ltr'><strong>Iudaei</strong></span> <span class='ocrx_word' id='word_1_175' title='bbox 1074 2531 1182 2580; x_wconf 88' lang='lat' dir='ltr'><strong>carues</strong></span> <span class='ocrx_word' id='word_1_176' title='bbox 1204 2511 1394 2579; x_wconf 77' lang='lat' dir='ltr'><strong>euium&#39;ncs</strong></span> 
     </span>
     <span class='ocr_line' id='line_1_21' title="bbox 259 2607 1430 2700; baseline -0.001 -20"><span class='ocrx_word' id='word_1_177' title='bbox 259 2615 310 2680; x_wconf 87' lang='lat' dir='ltr'><strong>dei</strong></span> <span class='ocrx_word' id='word_1_178' title='bbox 332 2633 450 2698; x_wconf 87' lang='lat' dir='ltr'><strong>corpus,</strong></span> <span class='ocrx_word' id='word_1_179' title='bbox 482 2615 589 2681; x_wconf 90' lang='lat' dir='ltr'><strong>ludaei</strong></span> <span class='ocrx_word' id='word_1_180' title='bbox 616 2615 762 2699; x_wconf 81' lang='lat' dir='ltr'><strong>pruinam</strong></span> <span class='ocrx_word' id='word_1_181' title='bbox 784 2618 861 2683; x_wconf 83' lang='lat' dir='ltr'><strong>eeeli</strong></span> <span class='ocrx_word' id='word_1_182' title='bbox 884 2635 941 2682; x_wconf 86' lang='lat' dir='ltr'><strong>nce</strong></span> <span class='ocrx_word' id='word_1_183' title='bbox 964 2619 1058 2683; x_wconf 88' lang='lat' dir='ltr'><strong>deum</strong></span> <span class='ocrx_word' id='word_1_184' title='bbox 1081 2607 1174 2683; x_wconf 82' lang='lat' dir='ltr'><strong>eecli:</strong></span> <span class='ocrx_word' id='word_1_185' title='bbox 1200 2616 1268 2700; x_wconf 90' lang='lat' dir='ltr'><strong>qui</strong></span> <span class='ocrx_word' id='word_1_186' title='bbox 1290 2635 1430 2696; x_wconf 83' lang='lat' dir='ltr'><strong>cum‚rc</strong></span> 
     </span>
     <span class='ocr_line' id='line_1_22' title="bbox 258 2715 1393 2802; baseline 0.001 -20"><span class='ocrx_word' id='word_1_187' title='bbox 258 2717 470 2802; x_wconf 79' lang='lat' dir='ltr'><strong>utcpcstclus</strong></span> <span class='ocrx_word' id='word_1_188' title='bbox 486 2720 539 2798; x_wconf 87' lang='lat' dir='ltr'><strong>ait,</strong></span> <span class='ocrx_word' id='word_1_189' title='bbox 563 2722 601 2784; x_wconf 89' lang='lat' dir='ltr'><strong>iu</strong></span> <span class='ocrx_word' id='word_1_190' title='bbox 620 2715 825 2786; x_wconf 82' lang='lat' dir='ltr'><strong>lermadei</strong></span> <span class='ocrx_word' id='word_1_191' title='bbox 847 2721 967 2798; x_wconf 85' lang='lat' dir='ltr'><strong>esset,</strong></span> <span class='ocrx_word' id='word_1_192' title='bbox 990 2719 1227 2786; x_wconf 82' lang='lat' dir='ltr'><strong>humiliarit</strong></span> <span class='ocrx_word' id='word_1_193' title='bbox 1250 2719 1393 2784; x_wconf 86' lang='lat' dir='ltr'><strong>semet-</strong></span> 
     </span>
     <span class='ocr_line' id='line_1_23' title="bbox 259 2812 1393 2904; baseline 0.003 -19"><span class='ocrx_word' id='word_1_194' title='bbox 259 2820 386 2904; x_wconf 85' lang='lat' dir='ltr'><strong>ipsum</strong></span> <span class='ocrx_word' id='word_1_195' title='bbox 409 2839 530 2904; x_wconf 90' lang='lat' dir='ltr'><strong>usque</strong></span> <span class='ocrx_word' id='word_1_196' title='bbox 554 2823 599 2888; x_wconf 87' lang='lat' dir='ltr'><strong>ad</strong></span> <span class='ocrx_word' id='word_1_197' title='bbox 622 2815 799 2902; x_wconf 79' lang='lat' dir='ltr'><strong>mortem,</strong></span> <span class='ocrx_word' id='word_1_198' title='bbox 822 2827 985 2890; x_wconf 88' lang='lat' dir='ltr'><strong>mertem</strong></span> <span class='ocrx_word' id='word_1_199' title='bbox 1009 2812 1137 2889; x_wconf 76' lang='lat' dir='ltr'><strong>autem</strong></span> <span class='ocrx_word' id='word_1_200' title='bbox 1161 2825 1305 2898; x_wconf 79' lang='lat' dir='ltr'><strong>clunic,</strong></span> <span class='ocrx_word' id='word_1_201' title='bbox 1328 2839 1393 2888; x_wconf 91' lang='lat' dir='ltr'><strong>nen</strong></span> 
     </span>
     <span class='ocr_line' id='line_1_24' title="bbox 261 2924 1394 3010; baseline 0.002 -22"><span class='ocrx_word' id='word_1_202' title='bbox 261 2927 427 2990; x_wconf 85' lang='lat' dir='ltr'><strong>contentus</strong></span> <span class='ocrx_word' id='word_1_203' title='bbox 461 2925 581 2991; x_wconf 86' lang='lat' dir='ltr'><strong>scilicet</strong></span> <span class='ocrx_word' id='word_1_204' title='bbox 614 2927 790 3008; x_wconf 79' lang='lat' dir='ltr'><strong>simplicem</strong></span> <span class='ocrx_word' id='word_1_205' title='bbox 824 2947 878 3010; x_wconf 89' lang='lat' dir='ltr'><strong>pru</strong></span> <span class='ocrx_word' id='word_1_206' title='bbox 909 2926 998 2992; x_wconf 89' lang='lat' dir='ltr'><strong>uehis</strong></span> <span class='ocrx_word' id='word_1_207' title='bbox 1029 2925 1132 2991; x_wconf 89' lang='lat' dir='ltr'><strong>subire</strong></span> <span class='ocrx_word' id='word_1_208' title='bbox 1154 2929 1298 3008; x_wconf 88' lang='lat' dir='ltr'><strong>mortem,</strong></span> <span class='ocrx_word' id='word_1_209' title='bbox 1329 2924 1394 2990; x_wconf 88' lang='lat' dir='ltr'><strong>nisi</strong></span> 
     </span>
     <span class='ocr_line' id='line_1_25' title="bbox 258 3023 1392 3114; baseline -0.003 -19"><span class='ocrx_word' id='word_1_210' title='bbox 258 3027 361 3112; x_wconf 84' lang='lat' dir='ltr'><strong>ipsam</strong></span> <span class='ocrx_word' id='word_1_211' title='bbox 382 3029 578 3096; x_wconf 84' lang='lat' dir='ltr'><strong>uoluntariae</strong></span> <span class='ocrx_word' id='word_1_212' title='bbox 600 3031 684 3095; x_wconf 89' lang='lat' dir='ltr'><strong>necis</strong></span> <span class='ocrx_word' id='word_1_213' title='bbox 708 3028 939 3114; x_wconf 83' lang='lat' dir='ltr'><strong>susceptionem</strong></span> <span class='ocrx_word' id='word_1_214' title='bbox 955 3023 1150 3095; x_wconf 80' lang='lat' dir='ltr'><strong>summorum</strong></span> <span class='ocrx_word' id='word_1_215' title='bbox 1166 3028 1392 3112; x_wconf 82' lang='lat' dir='ltr'><strong>suppliciorum</strong></span> 
     </span>
    </p>

    <p class='ocr_par' dir='ltr' id='par_1_12' title="bbox 147 3119 1428 3218">
     <span class='ocr_line' id='line_1_26' title="bbox 147 3119 1428 3218; baseline -0.003 -16"><span class='ocrx_word' id='word_1_216' title='bbox 147 3135 150 3142; x_wconf 83' lang='lat'>&#39;</span> <span class='ocrx_word' id='word_1_217' title='bbox 207 3129 458 3218; x_wconf 72' lang='lat' dir='ltr'><strong>alperpessione</strong></span> <span class='ocrx_word' id='word_1_218' title='bbox 482 3131 682 3200; x_wconf 84' lang='lat' dir='ltr'><strong>cumulasset.</strong></span> <span class='ocrx_word' id='word_1_219' title='bbox 716 3153 773 3216; x_wconf 92' lang='lat' dir='ltr'><strong>prc</strong></span> <span class='ocrx_word' id='word_1_220' title='bbox 793 3134 851 3199; x_wconf 90' lang='lat' dir='ltr'><strong>hcc</strong></span> <span class='ocrx_word' id='word_1_221' title='bbox 874 3151 946 3218; x_wconf 83' lang='lat' dir='ltr'><strong>erge</strong></span> <span class='ocrx_word' id='word_1_222' title='bbox 969 3135 1035 3200; x_wconf 89' lang='lat' dir='ltr'><strong>selo</strong></span> <span class='ocrx_word' id='word_1_223' title='bbox 1056 3119 1132 3217; x_wconf 86' lang='lat' dir='ltr'><strong>¹quid</strong></span> <span class='ocrx_word' id='word_1_224' title='bbox 1154 3125 1428 3198; x_wconf 66' lang='lat' dir='ltr'><strong>soluere&#39;hcmcas</strong></span> 
     </span>
    </p>

    <p class='ocr_par' dir='ltr' id='par_1_13' title="bbox 201 3219 1393 3328">
     <span class='ocr_line' id='line_1_27' title="bbox 201 3219 1393 3328; baseline 0.002 -30"><span class='ocrx_word' id='word_1_225' title='bbox 201 3309 226 3328; x_wconf 31' lang='grc' dir='ltr'>Γ</span> <span class='ocrx_word' id='word_1_226' title='bbox 258 3227 382 3319; x_wconf 86' lang='lat' dir='ltr'><strong>pc&#39;tcrit,</strong></span> <span class='ocrx_word' id='word_1_227' title='bbox 416 3237 465 3302; x_wconf 88' lang='lat' dir='ltr'><strong>cui</strong></span> <span class='ocrx_word' id='word_1_228' title='bbox 487 3254 520 3302; x_wconf 88' lang='lat' dir='ltr'><strong>sc</strong></span> <span class='ocrx_word' id='word_1_229' title='bbox 548 3219 603 3320; x_wconf 81' lang='lat' dir='ltr'><strong>per</strong></span> <span class='ocrx_word' id='word_1_230' title='bbox 636 3237 782 3302; x_wconf 87' lang='lat' dir='ltr'><strong>ultimam</strong></span> <span class='ocrx_word' id='word_1_231' title='bbox 816 3247 987 3318; x_wconf 85' lang='lat' dir='ltr'><strong>poenarum</strong></span> <span class='ocrx_word' id='word_1_232' title='bbox 1021 3227 1225 3301; x_wconf 79' lang='lat' dir='ltr'><strong>acerbitatem</strong></span> <span class='ocrx_word' id='word_1_233' title='bbox 1249 3223 1393 3326; x_wconf 16' lang='lat' dir='ltr'><strong>¹(ih-rietus</strong></span> 
     </span>
    </p>

    <p class='ocr_par' dir='ltr' id='par_1_14' title="bbox 204 3331 1393 3527">
     <span class='ocr_line' id='line_1_28' title="bbox 204 3331 1393 3425; baseline 0.001 -22"><span class='ocrx_word' id='word_1_234' title='bbox 204 3351 208 3359; x_wconf 83' lang='lat'>&#39;</span> <span class='ocrx_word' id='word_1_235' title='bbox 258 3337 423 3422; x_wconf 74' lang='lat' dir='ltr'><strong>inpendit?</strong></span> <span class='ocrx_word' id='word_1_236' title='bbox 446 3341 502 3404; x_wconf 88' lang='lat' dir='ltr'><strong>aut</strong></span> <span class='ocrx_word' id='word_1_237' title='bbox 517 3339 592 3422; x_wconf 88' lang='lat' dir='ltr'><strong>quid</strong></span> <span class='ocrx_word' id='word_1_238' title='bbox 607 3359 662 3423; x_wconf 93' lang='lat' dir='ltr'><strong>prc</strong></span> <span class='ocrx_word' id='word_1_239' title='bbox 677 3358 710 3404; x_wconf 85' lang='lat' dir='ltr'><strong>se</strong></span> <span class='ocrx_word' id='word_1_240' title='bbox 726 3339 857 3425; x_wconf 85' lang='lat' dir='ltr'><strong>dignum</strong></span> <span class='ocrx_word' id='word_1_241' title='bbox 874 3331 999 3406; x_wconf 86' lang='lat' dir='ltr'><strong>dominc</strong></span> <span class='ocrx_word' id='word_1_242' title='bbox 1016 3340 1195 3423; x_wconf 82' lang='lat' dir='ltr'><strong>repensabit</strong></span> <span class='ocrx_word' id='word_1_243' title='bbox 1210 3341 1263 3423; x_wconf 85' lang='lat' dir='ltr'><strong>qui</strong></span> <span class='ocrx_word' id='word_1_244' title='bbox 1285 3340 1393 3425; x_wconf 87' lang='lat' dir='ltr'><strong>ipsum</strong></span> 
     </span>
     <span class='ocr_line' id='line_1_29' title="bbox 254 3433 1392 3527; baseline 0.001 -20"><span class='ocrx_word' id='word_1_245' title='bbox 254 3437 277 3507; x_wconf 86' lang='lat' dir='ltr'><strong>¹a</strong></span> <span class='ocrx_word' id='word_1_246' title='bbox 300 3457 359 3524; x_wconf 90' lang='lat' dir='ltr'><strong>quc</strong></span> <span class='ocrx_word' id='word_1_247' title='bbox 382 3444 562 3525; x_wconf 88' lang='lat' dir='ltr'><strong>redemptus</strong></span> <span class='ocrx_word' id='word_1_248' title='bbox 586 3435 635 3507; x_wconf 87' lang='lat' dir='ltr'><strong>est</strong></span> <span class='ocrx_word' id='word_1_249' title='bbox 658 3443 751 3508; x_wconf 89' lang='lat' dir='ltr'><strong>deum</strong></span> <span class='ocrx_word' id='word_1_250' title='bbox 779 3441 895 3508; x_wconf 80' lang='lat' dir='ltr'><strong>debet?</strong></span> <span class='ocrx_word' id='word_1_251' title='bbox 927 3444 1003 3509; x_wconf 86' lang='lat' dir='ltr'><strong>haec</strong></span> <span class='ocrx_word' id='word_1_252' title='bbox 1031 3433 1104 3527; x_wconf 84' lang='lat' dir='ltr'><strong>ergo</strong></span> <span class='ocrx_word' id='word_1_253' title='bbox 1133 3447 1303 3524; x_wconf 83' lang='lat' dir='ltr'><strong>causaest,</strong></span> <span class='ocrx_word' id='word_1_254' title='bbox 1328 3460 1392 3525; x_wconf 90' lang='lat' dir='ltr'><strong>qua</strong></span> 
     </span>
    </p>
   </div>
   <div class='ocr_carea' id='block_1_4' title="bbox 362 3652 561 3718">
    <p class='ocr_par' dir='ltr' id='par_1_15' title="bbox 362 3652 561 3718">
     <span class='ocr_line' id='line_1_30' title="bbox 362 3652 561 3718; baseline 0.005 -10"><span class='ocrx_word' id='word_1_255' title='bbox 362 3654 396 3708; x_wconf 79' lang='lat'><strong>20</strong></span> <span class='ocrx_word' id='word_1_256' title='bbox 413 3653 483 3708; x_wconf 86' lang='lat' dir='ltr'><strong>Phil.</strong></span> <span class='ocrx_word' id='word_1_257' title='bbox 502 3657 526 3718; x_wconf 81' lang='lat'><strong>2,</strong></span> <span class='ocrx_word' id='word_1_258' title='bbox 544 3652 561 3709; x_wconf 88' lang='grc'>8</span> 
     </span>
    </p>
   </div>
   <div class='ocr_carea' id='block_1_5' title="bbox 255 3851 1391 4440">
    <p class='ocr_par' dir='ltr' id='par_1_16' title="bbox 255 3851 1391 4440">
     <span class='ocr_line' id='line_1_31' title="bbox 311 3851 1390 3922; baseline 0.003 -16"><span class='ocrx_word' id='word_1_259' title='bbox 311 3851 337 3906; x_wconf 87' lang='lat'><strong>1&#39;</strong></span> <span class='ocrx_word' id='word_1_260' title='bbox 350 3854 414 3906; x_wconf 89' lang='lat' dir='ltr'><strong>aunt</strong></span> <span class='ocrx_word' id='word_1_261' title='bbox 437 3866 501 3921; x_wconf 78' lang='lat' dir='ltr'><strong>erge</strong></span> <span class='ocrx_word' id='word_1_262' title='bbox 523 3852 565 3908; x_wconf 82' lang='lat' dir='ltr'><strong>ed.</strong></span> <span class='ocrx_word' id='word_1_263' title='bbox 588 3851 724 3908; x_wconf 75' lang='lat' dir='ltr'><strong>Balaedue</strong></span> <span class='ocrx_word' id='word_1_264' title='bbox 753 3874 755 3878; x_wconf 52' lang='lat'><strong><em>¹</em></strong></span> <span class='ocrx_word' id='word_1_265' title='bbox 826 3867 894 3920; x_wconf 84' lang='lat' dir='ltr'><strong>ques</strong></span> <span class='ocrx_word' id='word_1_266' title='bbox 917 3859 1073 3922; x_wconf 75' lang='lat' dir='ltr'><strong>suspectam</strong></span> <span class='ocrx_word' id='word_1_267' title='bbox 1094 3851 1194 3922; x_wconf 65' lang='lat' dir='ltr'><strong>batem</strong></span> <span class='ocrx_word' id='word_1_268' title='bbox 1219 3854 1284 3920; x_wconf 74' lang='lat' dir='ltr'><strong>fert.</strong></span> <span class='ocrx_word' id='word_1_269' title='bbox 1308 3853 1390 3909; x_wconf 64' lang='grc' dir='ltr'>πονῶ,</span> 
     </span>
     <span class='ocr_line' id='line_1_32' title="bbox 257 3936 1391 4008; baseline 0.002 -16"><span class='ocrx_word' id='word_1_270' title='bbox 257 3939 310 4006; x_wconf 78' lang='lat' dir='ltr'><strong>qul·</strong></span> <span class='ocrx_word' id='word_1_271' title='bbox 324 3937 411 3994; x_wconf 76' lang='lat' dir='ltr'><strong>deleto</strong></span> <span class='ocrx_word' id='word_1_272' title='bbox 428 3951 483 4007; x_wconf 75' lang='lat' dir='ltr'><strong>erp.</strong></span> <span class='ocrx_word' id='word_1_273' title='bbox 500 3937 546 3992; x_wconf 94' lang='lat' dir='ltr'><strong>illi</strong></span> <span class='ocrx_word' id='word_1_274' title='bbox 642 3939 706 3993; x_wconf 71' lang='lat' dir='ltr'><strong>ese</strong></span> <span class='ocrx_word' id='word_1_275' title='bbox 723 3939 797 4008; x_wconf 79' lang='lat' dir='ltr'><strong>ipson</strong></span> <span class='ocrx_word' id='word_1_276' title='bbox 814 3943 889 4005; x_wconf 62' lang='grc' dir='ltr'><strong>(Μ’</strong></span> <span class='ocrx_word' id='word_1_277' title='bbox 903 3939 929 4006; x_wconf 84' lang='lat' dir='ltr'><strong>b)</strong></span> <span class='ocrx_word' id='word_1_278' title='bbox 948 3937 991 3994; x_wconf 81' lang='lat' dir='ltr'><strong>ed.</strong></span> <span class='ocrx_word' id='word_1_279' title='bbox 1009 3936 1150 3994; x_wconf 63' lang='lat' dir='ltr'><strong>aarum</strong></span> <span class='ocrx_word' id='word_1_280' title='bbox 1246 3938 1391 3994; x_wconf 67' lang='lat' dir='ltr'><strong>olibas»</strong></span> 
     </span>
     <span class='ocr_line' id='line_1_33' title="bbox 257 4023 1391 4094; baseline 0.001 -14"><span class='ocrx_word' id='word_1_281' title='bbox 257 4029 460 4092; x_wconf 78' lang='lat' dir='ltr'><strong>(netererae.</strong></span> <span class='ocrx_word' id='word_1_282' title='bbox 478 4023 927 4094; x_wconf 68' lang='lat' dir='ltr'><strong>recederetadhuetepipcreint)</strong></span> <span class='ocrx_word' id='word_1_283' title='bbox 945 4023 973 4078; x_wconf 78' lang='lat' dir='ltr'><strong><em>A</em></strong></span> <span class='ocrx_word' id='word_1_284' title='bbox 1062 4023 1181 4080; x_wconf 72' lang='lat' dir='ltr'><strong>dicacem</strong></span> <span class='ocrx_word' id='word_1_285' title='bbox 1193 4042 1229 4094; x_wconf 79' lang='lat' dir='ltr'><strong>p:</strong></span> <span class='ocrx_word' id='word_1_286' title='bbox 1257 4025 1391 4081; x_wconf 68' lang='lat' dir='ltr'><strong>dicerer!</strong></span> 
     </span>
     <span class='ocr_line' id='line_1_34' title="bbox 258 4107 1391 4178; baseline 0 -12"><span class='ocrx_word' id='word_1_287' title='bbox 258 4109 405 4166; x_wconf 75' lang='lat' dir='ltr'><strong>diceremus</strong></span> <span class='ocrx_word' id='word_1_288' title='bbox 423 4111 475 4166; x_wconf 80' lang='lat' dir='ltr'><strong>B&#39;</strong></span> <span class='ocrx_word' id='word_1_289' title='bbox 535 4111 637 4165; x_wconf 73' lang='lat' dir='ltr'><strong>halica</strong></span> <span class='ocrx_word' id='word_1_290' title='bbox 653 4126 676 4165; x_wconf 84' lang='lat' dir='ltr'><strong>a.</strong></span> <span class='ocrx_word' id='word_1_291' title='bbox 694 4127 709 4165; x_wconf 93' lang='lat' dir='ltr'><strong>c</strong></span> <span class='ocrx_word' id='word_1_292' title='bbox 725 4124 779 4166; x_wconf 81' lang='lat' dir='ltr'><strong>eor.</strong></span> <span class='ocrx_word' id='word_1_293' title='bbox 796 4110 808 4163; x_wconf 92' lang='lat' dir='ltr'><strong>i</strong></span> <span class='ocrx_word' id='word_1_294' title='bbox 824 4113 892 4164; x_wconf 63' lang='lat' dir='ltr'><strong>md</strong></span> <span class='ocrx_word' id='word_1_295' title='bbox 908 4107 1043 4178; x_wconf 63' lang='grc' dir='ltr'><strong>Μιίο)λ</strong></span> <span class='ocrx_word' id='word_1_296' title='bbox 1094 4109 1391 4167; x_wconf 71' lang='lat' dir='ltr'><strong>caeememendeei-</strong></span> 
     </span>
     <span class='ocr_line' id='line_1_35' title="bbox 257 4195 1391 4268; baseline 0.004 -17"><span class='ocrx_word' id='word_1_297' title='bbox 257 4197 324 4268; x_wconf 79' lang='lat' dir='ltr'><strong>tate]</strong></span> <span class='ocrx_word' id='word_1_298' title='bbox 342 4197 392 4254; x_wconf 79' lang='lat' dir='ltr'><strong>ben</strong></span> <span class='ocrx_word' id='word_1_299' title='bbox 408 4198 465 4254; x_wconf 80' lang='lat' dir='ltr'><strong>leco</strong></span> <span class='ocrx_word' id='word_1_300' title='bbox 477 4195 589 4268; x_wconf 68' lang='lat' dir='ltr'><strong>epreptc</strong></span> <span class='ocrx_word' id='word_1_301' title='bbox 604 4197 734 4264; x_wconf 67' lang='lat' dir='ltr'><strong>firmatur</strong></span> <span class='ocrx_word' id='word_1_302' title='bbox 744 4196 867 4252; x_wconf 77' lang='lat' dir='ltr'><strong>Hartcb&#39;a‘</strong></span> <span class='ocrx_word' id='word_1_303' title='bbox 884 4197 1094 4257; x_wconf 68' lang='lat' dir='ltr'><strong>accederunt</strong></span> <span class='ocrx_word' id='word_1_304' title='bbox 1108 4201 1259 4266; x_wconf 76' lang='lat' dir='ltr'><strong>p.160,e;</strong></span> <span class='ocrx_word' id='word_1_305' title='bbox 1280 4195 1334 4266; x_wconf 65' lang='lat' dir='ltr'><strong>cfr.</strong></span> <span class='ocrx_word' id='word_1_306' title='bbox 1351 4199 1391 4254; x_wconf 67' lang='lat' dir='ltr'><strong>ud</strong></span> 
     </span>
     <span class='ocr_line' id='line_1_36' title="bbox 255 4282 1321 4354; baseline 0.002 -16"><span class='ocrx_word' id='word_1_307' title='bbox 255 4284 405 4354; x_wconf 69' lang='grc' dir='ltr'><strong><em>ῥ.174,·12</em></strong></span> <span class='ocrx_word' id='word_1_308' title='bbox 496 4283 661 4340; x_wconf 71' lang='lat' dir='ltr'><strong>lli-acenrl</strong></span> <span class='ocrx_word' id='word_1_309' title='bbox 752 4283 784 4338; x_wconf 76' lang='grc'><strong>15</strong></span> <span class='ocrx_word' id='word_1_310' title='bbox 798 4282 1009 4338; x_wconf 82' lang='lat' dir='ltr'><strong>maledietaan</strong></span> <span class='ocrx_word' id='word_1_311' title='bbox 1101 4283 1321 4340; x_wconf 79' lang='lat' dir='ltr'><strong>18babtismaA</strong></span> 
     </span>
     <span class='ocr_line' id='line_1_37' title="bbox 260 4368 1321 4440; baseline 0.003 -18"><span class='ocrx_word' id='word_1_312' title='bbox 260 4369 293 4423; x_wconf 88' lang='grc'><strong>19</strong></span> <span class='ocrx_word' id='word_1_313' title='bbox 310 4384 422 4423; x_wconf 73' lang='lat' dir='ltr'><strong>manna·</strong></span> <span class='ocrx_word' id='word_1_314' title='bbox 443 4372 524 4437; x_wconf 83' lang='lat' dir='ltr'><strong>(erae.</strong></span> <span class='ocrx_word' id='word_1_315' title='bbox 543 4372 582 4440; x_wconf 84' lang='lat' dir='ltr'><strong>m)</strong></span> <span class='ocrx_word' id='word_1_316' title='bbox 599 4371 627 4424; x_wconf 78' lang='lat' dir='ltr'><em>A</em></span> <span class='ocrx_word' id='word_1_317' title='bbox 729 4368 764 4424; x_wconf 82' lang='lat'><strong>24</strong></span> <span class='ocrx_word' id='word_1_318' title='bbox 781 4385 828 4423; x_wconf 88' lang='lat' dir='ltr'><strong>nec</strong></span> <span class='ocrx_word' id='word_1_319' title='bbox 843 4374 941 4436; x_wconf 76' lang='lat' dir='ltr'><strong>punct.</strong></span> <span class='ocrx_word' id='word_1_320' title='bbox 960 4374 986 4424; x_wconf 86' lang='lat' dir='ltr'><strong>et</strong></span> <span class='ocrx_word' id='word_1_321' title='bbox 1004 4384 1025 4423; x_wconf 82' lang='lat' dir='ltr'><strong>e.</strong></span> <span class='ocrx_word' id='word_1_322' title='bbox 1043 4384 1094 4424; x_wconf 80' lang='lat' dir='ltr'><strong>scr.</strong></span> <span class='ocrx_word' id='word_1_323' title='bbox 1112 4386 1147 4424; x_wconf 83' lang='lat' dir='ltr'><strong>m.</strong></span> <span class='ocrx_word' id='word_1_324' title='bbox 1165 4371 1185 4424; x_wconf 80' lang='lat'><em>2</em></span> <span class='ocrx_word' id='word_1_325' title='bbox 1202 4369 1275 4425; x_wconf 85' lang='lat' dir='ltr'><strong>necis</strong></span> <span class='ocrx_word' id='word_1_326' title='bbox 1293 4371 1321 4425; x_wconf 78' lang='lat' dir='ltr'><strong><em>A</em></strong></span> 
     </span>
    </p>
   </div>
   <div class='ocr_carea' id='block_1_6' title="bbox 0 0 1595 5100">
    <p class='ocr_par' dir='ltr' id='par_1_17' title="bbox 0 0 1595 5100">
     <span class='ocr_line' id='line_1_38' title="bbox 0 0 1595 5100; baseline 0 0"><span class='ocrx_word' id='word_1_327' title='bbox 0 0 1595 5100; x_wconf 95' lang='lat' dir='ltr'><strong> </strong></span> 
     </span>
    </p>
   </div>
  </div>
 </body>
</html>
