3132 5096
262 434 323 501 106
746 430 905 500 Saluiani
929 465 930 468 =

258 621 474 687 Romanorum
489 620 627 688 offendat
648 621 741 688 deum
764 621 841 705 uita,
864 639 936 703 pare
959 619 992 686 et
1012 618 1200 686 infidelitate
1217 621 1334 704 pariter
1356 626 1391 685 et

258 727 335 800 uita,
360 725 447 791 saluo
470 744 514 805 eo,
537 726 618 809 quod
641 724 738 791 etiam
760 724 845 808 ipsae
860 723 1015 808 quondam
1029 723 1169 800 haereses
1184 726 1390 793 barbarorum

260 827 298 892 de
320 827 452 896 Romani
480 829 652 914 magisterii
681 829 839 912 pronitate
870 829 1036 906 fluxerunt,
1072 846 1109 894 ao
1133 827 1261 913 perinde
1290 827 1391 894 etiam

261 931 319 997 hoo
341 936 484 1000 nostrum
518 932 637 1000 crimen
659 935 717 1012 est,
750 932 832 1016 qnod
865 932 972 1016 populi
1006 931 1208 1000 barbarorum
1240 931 1392 998 haeretiei

261 1053 328 1102 osse
351 1038 527 1120 oooperunt.
1364 1079 1368 1092 .-
1406 1055 1434 1114 ,a

211 1173 252 1240 15
304 1171 383 1240 IIII.
416 1171 512 1237 Porro
535 1175 640 1238 autem
670 1174 824 1254 quantum
852 1175 891 1238 ad
923 1171 1193 1237 oonuereationam
1215 1171 1393 1241 Gothorum

261 1277 318 1342 out
338 1276 568 1344 Wandalorum
590 1275 736 1358 pertinet,
759 1276 834 1359 quid
855 1279 904 1340 ost
925 1277 959 1340 in
975 1293 1035 1358 qno
1058 1275 1104 1340 eia
1116 1276 1182 1346 ¹ant
1203 1293 1393 1359 praeponere

262 1396 317 1444 noe
332 1379 515 1444 autetiam
537 1397 717 1464 comparare
739 1380 918 1462 possimus?
939 1396 976 1444 ao
998 1377 1137 1461 primum
1159 1383 1196 1443 ut
1217 1379 1256 1445 do
1277 1377 1393 1444 affeetu

260 1486 295 1547 et
317 1484 448 1549 oaritate
476 1483 588 1562 dicam,
616 1501 710 1567 quom
738 1483 937 1566 praeeipuam
960 1483 1104 1548 dominus
1126 1484 1215 1548 dooet
1236 1501 1301 1548 ease
1322 1482 1393 1547 uir-

262 1588 366 1653 tutem
387 1591 419 1652 et
440 1605 537 1670 quam
557 1604 621 1652 non
650 1587 752 1652 solum
782 1605 838 1668 per
867 1602 974 1651 omnes
996 1587 1167 1669 sumpturae
1189 1603 1305 1667 aaaron,
1334 1585 1434 1650 eodm

264 1691 359 1756 etiam
382 1709 437 1773 per
452 1709 485 1755 se
501 1691 567 1774 ipse
584 1691 782 1756 commendat
804 1689 923 1756 dioena:
947 1689 985 1756 in
1007 1690 1077 1755 hoo
1099 1689 1269 1768 scietur,
1290 1693 1393 1772 quod

263 1793 455 1877 discipuli
477 1794 554 1859 moi
577 1794 695 1876 estis,
718 1796 750 1858 ai
772 1809 839 1858 uos
861 1793 1034 1858 inuioem
1059 1793 1261 1879 diligatis:
1283 1799 1394 1858 omnes

263 1915 296 1962 ee
317 1897 383 1962 fore
404 1894 538 1977 barbari,
569 1897 622 1981 qui
646 1896 736 1962 modo
762 1900 837 1962 aunt
859 1897 952 1962 unius
982 1896 1084 1981 gentis
1106 1899 1138 1961 et
1159 1897 1251 1980 regio,
1279 1899 1394 1962 mutuo

215 1999 254 2066 16
264 2001 389 2082 amant,
421 2017 527 2064 ornnes
556 2019 654 2083 paene
680 2000 813 2065 Romani
842 2018 875 2066 ee
904 2004 1023 2066 mutuo
1045 2003 1283 2082 persequuntur.
1319 1999 1393 2081 quis

266 2102 351 2168 eninr
374 2103 451 2169 oiuio
473 2122 535 2169 non
557 2103 679 2169 inuidet
702 2104 789 2169 uiuit
809 2105 879 2186 quie
900 2104 1026 2186 plenam
1048 2104 1153 2170 uioino
1168 2103 1294 2170 exhibet
1311 2105 1393 2170 oani-
1406 2122 1435 2165 nu

266 2208 389 2273 tatem?
422 2224 529 2273 omnes
551 2209 664 2292 quippe
685 2227 703 2272 a
725 2227 767 2288 ae,
791 2208 850 2274 etei
873 2208 939 2273 looo
960 2226 1022 2273 non
1044 2210 1168 2290 abeunt,
1200 2207 1311 2274 affeetu
1335 2207 1395 2273 ab·

262 2313 352 2390 aunt,
375 2312 437 2377 otei
459 2311 654 2378 habitatione
676 2311 860 2394 iunguntur,
884 2313 990 2378 mento
1010 2311 1158 2378 dieiunoti
1179 2319 1262 2378 sunt.
1300 2312 1395 2394 atque

265 2415 389 2480 utinam
412 2416 480 2501 hoo,
504 2415 579 2481 lioet
602 2415 643 2481 ait
664 2417 837 2500 pessimum
859 2416 990 2495 malum,
1013 2414 1136 2482 utinam
1158 2403 1242 2482 oiuee
1263 2417 1394 2482 tantuni

266 2522 360 2600 atqua
393 2518 506 2584 uioini:
537 2519 691 2585 illudent
720 2522 855 2603 mauide,
890 2519 972 2603 qnod
995 2538 1053 2586 neo
1081 2521 1246 2603 propinqui
1266 2519 1395 2603 quidem

266 2621 510 2706 propinquitatis
542 2622 612 2687 inre
646 2626 840 2689 oonseruant.
880 2625 953 2706 quis·
978 2623 1063 2688 enim
1092 2641 1124 2687 se
1153 2623 1301 2705 proximis
1326 2623 1435 2688 suinae

266 2724 443 2805 proximum
465 2723 591 2790 reddit?
613 2724 682 2808 quie
702 2723 797 2791 noluit
814 2724 949 2793 ¹caritati
971 2727 1053 2810 quod
1069 2745 1102 2790 so
1117 2725 1259 2810 agnoeoit
1281 2727 1396 2792 dobere

267 2826 319 2890 uel
353 2826 496 2893 nomini?
530 2827 600 2910 quis
629 2829 679 2894 eet
707 2829 765 2895 hoo
794 2829 909 2908 animo,
941 2833 1021 2912 quod
1045 2830 1198 2896 uoeaturi
1231 2830 1300 2914 qnia
1326 2831 1396 2894 tam

267 2929 458 3012 propinquus
489 2931 578 2996 cordo
609 2949 703 3014 quam
733 2935 899 3015 sanguine,
929 2933 962 2997 in
984 2951 1045 3017 quo
1067 2951 1129 2998 non
1159 2933 1279 2998 luridus
1301 2933 1395 3000 mali·

267 3032 423 3098 uolantiae
444 3034 529 3100 relus
554 3035 651 3118 ardet,
675 3036 764 3102 ouius
779 3053 841 3107 non
857 3051 982 3102 sonsum
1003 3032 1085 3101 liuor
1107 3035 1235 3116 inuasit,
1259 3035 1309 3102 oui
1331 3053 1398 3101 non

266 3136 456 3219 prosperitas
486 3137 590 3204 alieno
619 3138 807 3222 supplicium
840 3142 913 3204 esto
946 3139 1015 3222 quis
1042 3155 1104 3204 non
1126 3141 1241 3206 bonum
1264 3138 1441 3206 alteriusna

266 3241 387 3305 malum
417 3259 510 3307 suurn
540 3242 665 3308 eradit?
695 3243 746 3308 oui
768 3235 952 3308 ita'suffioit
981 3241 1117 3308 felioitas
1137 3259 1210 3322 auu,
1242 3245 1277 3308 ut
1299 3242 1400 3307 etium

371 3471 600 3536 ssmffiffi

273 3723 274 3728 κ
321 3689 454 3757 iporitor
473 3689 531 3744 uite
548 3689 577 3745 B
662 3690 753 3758 tipse
771 3691 829 3758 (aed
846 3705 866 3745 a.
885 3705 899 3744 a
916 3705 968 3744 eor.
985 3691 1012 3756 a)
1030 3688 1163 3758 quondam
1182 3689 1283 3744 heredia
1299 3689 1327 3743 A

268 3775 1047 3844 3fflmmm'mmmmmmmdmdstA
1149 3775 1398 3844 mmmmm*

267 3843 364 3918 oedem
469 3863 502 3916 13
524 3861 594 3916 ferre
618 3862 665 3918 aro.
683 3879 697 3917 r
710 3871 807 3931 poeno.
830 3863 858 3916 A
937 3861 1018 3930 aaa]
1040 3873 1108 3930 quoa
1131 3863 1213 3928 (eae.
1235 3866 1266 3916 aa
1288 3860 1347 3916 ero.
1365 3859 1399 3926 a)

268 3951 296 4003 A
387 3949 472 4018 ripen
487 3949 520 4004 a
536 3949 585 4017 aa.
602 3964 617 4003 e
633 3963 668 4004 m.
686 3936 822 4004 ree'aoo.
840 3950 868 4004 A
966 3947 1000 4002 14
1016 3953 1045 4002 se
1062 3947 1090 4002 A
1106 3952 1174 4004 aa
1189 3963 1210 4004 a.
1229 3949 1275 4003 u*
1337 3961 1399 4017 per-

268 4037 395 4091 eeountur
419 4034 447 4089 B
549 4033 609 4104 quia
627 4034 699 4090 onim
715 4035 867 4104 plenam‘B
955 4034 1006 4088 21.
1028 4033 1142 4088 nouitate
1163 4027 1192 4088 A
1293 4033 1326 4088 22
1349 4035 1399 4088 uel

267 4123 300 4178 io
317 4123 345 4177 A
361 4136 432 4177 erae.
448 4121 496 4176 aad
512 4121 555 4176 ito
571 4125 602 4176 ot
619 4120 711 4176 adduae
728 4121 783 4190 topi
797 4121 885 4188 poeno
988 4119 1096 4174 nomine
1109 4122 1146 4173 ,A
1167 4121 1234 4187 fort.
1257 4126 1327 4176 reete

267 4207 319 4263 hoo
336 4211 377 4262 eut
395 4208 423 4263 B
524 4205 595 4278 quir]
614 4222 682 4275 quoe
699 4207 727 4261 A
743 4222 765 4262 a.
781 4219 834 4262 aot.
851 4207 862 4261 i
880 4210 947 4265 Μ
1047 4207 1085 4262 23
1102 4206 1207 4262 luridus
1224 4213 1257 4262 ot
1274 4208 1328 4262 AB
1345 4207 1401 4262 tu*

270 4294 331 4348 tout
348 4293 490 4349 maeoti
507 4292 710 4350 metamus
728 4293 840 4358 (diuidua
857 4295 930 4364 reti.)
1028 4294 1063 4348 24
1080 4293 1135 4365 eui]
1154 4295 1231 4349 ouiue
1247 4296 1275 4348 A
1294 4296 1401 4363 (ortona

270 4395 304 4434 ex
321 4380 442 4434 anteced.
460 4378 547 4449 cuiue)
650 4379 684 4433 26
701 4379 742 4449 ut]
761 4383 808 4434 aut
824 4385 920 4448 ponet.
937 4395 954 4434 a
971 4382 998 4435 A
