3132 5096
287 477 330 543 90
775 473 928 528 Saluiani

285 665 389 748 portio
410 664 455 730 ita
476 663 649 742 existimet,
680 680 769 746 quae.
785 679 911 744 peceare
934 681 967 728 se
991 665 1102 728 nouit?
1140 681 1214 729 uam
1236 663 1272 730 ut
1294 663 1332 726 de
1354 660 1416 726 alio

285 767 449 832 hominum
470 785 581 850 genere
602 784 665 831 non
687 765 799 844 diram,
823 765 1055 832 consideremus
1078 766 1161 832 solas
1184 765 1416 850 negotiatorum

287 874 320 936 et
341 870 488 954 Syrorum
521 865 662 935 omnium
696 871 819 945 turbas,
853 887 930 950 quae
953 869 1105 934 maiorem
1127 869 1226 936 ferme
1249 868 1418 936 oiuitatum

286 973 505 1040 uniuersorum
535 976 657 1056 partem
688 973 931 1055 oooupauermt,
962 973 990 1038 si
1012 973 1099 1038 aliud
1122 974 1171 1037 111
1193 972 1262 1038 uita
1282 973 1417 1038 istorum

286 1078 426 1142 omnium
449 1095 543 1158 quam
565 1074 729 1140 meditatio
752 1075 816 1140 doli
840 1079 872 1140 et
895 1075 1009 1141 tritura
1031 1076 1203 1156 mendacii,
1230 1077 1286 1142 aut
1307 1074 1335 1142 si
1356 1089 1455 1141 nous

266 1182 267 1187 ’
286 1183 387 1264 perire
403 1181 571 1246 admodum
586 1179 683 1244 uerba
697 1180 878 1258 aestimant,
901 1197 980 1262 quae
996 1179 1043 1244 nil
1057 1178 1259 1263 loquentibus
1274 1178 1415 1262 prosunt.

286 1286 395 1350 tantus
424 1283 507 1374 apud
537 1284 592 1347 hos
616 1284 666 1349 dei
687 1283 785 1348 honor
815 1287 863 1348 est
892 1283 1084 1366 prohibentis
1110 1283 1346 1362 iusiurandum,
1381 1285 1417 1347 ut

236 1381 479 1470 70singularem
512 1386 680 1452 aestiment
716 1385 855 1450 frustum
888 1402 978 1450 omne
1014 1385 1197 1469 periurium.
1236 1384 1311 1466 quid
1346 1401 1418 1466 ergo

286 1491 403 1554 mirum
426 1488 572 1555 barbaros
594 1491 712 1570 fallere,
742 1492 796 1572 qui
817 1488 968 1554 falsitatis
992 1490 1111 1553 orimeu
1133 1487 1303 1572 ignorant?
1338 1485 1418 1552 nihil

286 1593 373 1658 enim
401 1593 585 1674 oontemptu
612 1593 712 1675 agunt
741 1593 924 1657 eoelestium
946 1594 1192 1673 praeceptorum,
1217 1593 1454 1674 praeceptumro

287 1694 406 1761 domini
435 1693 614 1776 nesoientes,
644 1695 719 1777 quia
749 1712 810 1760 non
840 1693 918 1760 iaoit
940 1694 1059 1776 aliquid
1082 1699 1189 1760 contre
1210 1697 1314 1779 legem
1337 1693 1417 1780 legis

286 1797 425 1882 ignarus.
462 1798 569 1862 noster
599 1814 671 1881 ergo
702 1797 754 1862 hio
785 1797 987 1880 peculiariter
1015 1798 1122 1865 reatus
1144 1801 1203 1879 est,
1238 1799 1292 1880 qui
1313 1799 1417 1882 legem

286 1900 428 1965 diuinam
450 1900 585 1984 legimus
607 1901 639 1964 et
661 1901 776 1984 legalia
790 1918 915 1982 semper
930 1899 1049 1982 scripta
1063 1901 1229 1977 uiolamus,
1253 1901 1307 1984 qui
1322 1902 1418 1968 deum

287 2023 377 2069 nosse
407 2022 463 2068 nos
492 2004 627 2069 didimus
650 2006 682 2068 et
704 2003 790 2068 iussa
818 2003 906 2070 illius
928 2021 964 2067 aa
984 2006 1152 2086 praerepta
1174 2004 1347 2082 oaloamus3
1380 2021 1418 2069 aa

287 2126 342 2188 per
375 2107 432 2171 hoo
465 2125 538 2172 oum
571 2125 643 2170 eum
677 2125 868 2188 spernamus,
902 2126 995 2190 quem
1025 2105 1086 2171 ooli
1108 2125 1127 2170 a
1148 2108 1236 2174 uobis
1259 2108 1417 2174 oredimus
1427 2130 1451 2170 11

287 2212 379 2293 atque
403 2210 566 2288 iactamus,
588 2211 622 2276 id
643 2213 757 2293 ipsum,
782 2211 864 2292 quod
881 2209 985 2277 cultus
1001 2211 1050 2275 dei
1065 2210 1200 2287 uidetur,
1224 2211 1342 2276 iniuria
1358 2212 1415 2276 est.

235 2311 274 2377 11
328 2313 397 2378 XV.
432 2313 582 2398 Denique,
616 2319 652 2380 ut
675 2316 713 2379 de
743 2315 878 2397 peooatis
908 2313 980 2378 aliis
1008 2312 1089 2378 nihil
1120 2312 1234 2391 diram,
1269 2312 1338 2396 quis
1369 2314 1417 2378 est

286 2419 410 2483 omnino
434 2417 596 2482 homiuum
618 2417 827 2484 saecularium
850 2419 975 2498 praeter
996 2433 1119 2498 paucos,
1143 2415 1198 2498 qui
1219 2433 1281 2481 non
1298 2417 1337 2480 ad
1359 2416 1417 2482 hoo

285 2538 408 2601 semper
431 2519 547 2586 Christi
569 2539 682 2586 nomon
705 2520 740 2584 iu
763 2538 815 2584 ore
837 2519 949 2584 habeat
971 2519 1008 2583 ut
1030 2519 1187 2599 perierat?
1214 2518 1296 2583 unde
1319 2519 1417 2583 etiam

285 2624 505 2706 peruulgatum
541 2624 598 2688 hoo
635 2624 699 2688 fere
732 2625 765 2688 et
799 2624 880 2704 apud
917 2620 1038 2686 nobiles
1072 2625 1104 2686 et
1141 2621 1224 2710 apud
1261 2620 1451 2703 ignobilesoo

285 2728 516 2792 sacramentum
532 2728 593 2791 est:
618 2727 680 2810 ‘per
695 2725 855 2791 Christum
872 2725 945 2807 quia
967 2725 1025 2791 hoo
1047 2724 1147 2803 isoio,
1174 2725 1235 2807 ‘per
1253 2722 1417 2792 Christum

286 2829 441 2912 quiahoc
465 2829 542 2913 ago,
578 2829 641 2912 ‘per
663 2828 824 2894 Christum
848 2828 921 2910 quia
943 2828 1025 2892 nihil
1053 2829 1139 2894 aliud
1162 2827 1415 2907 dictatorerm,

288 2931 351 3013 por
374 2929 531 2996 Christum
557 2933 629 3016 quia
650 2932 731 2997 nihil
756 2931 842 2997 aliud
870 2932 996 2996 aeturus
1027 2931 1117 2996 sum’.
1152 2934 1183 2996 et
1206 2929 1280 3013 quid
1302 2929 1416 3012 plura?

284 3031 319 3098 in
341 3033 374 3098 id
396 3035 519 3118 penitus
549 3034 685 3101 deduota
707 3054 756 3100 res
779 3037 837 3110 est,
869 3036 914 3113 ut,
946 3033 1028 3098 siout
1051 3035 1089 3098 de
1112 3034 1246 3118 paganis
1273 3033 1414 3099 barbaris

285 3136 372 3218 prius
396 3138 546 3216 diximus,
568 3136 686 3203 Christi
709 3156 821 3202 nomen
843 3155 905 3201 non
929 3137 1075 3202 uideatur
1097 3138 1162 3202 iam
1185 3140 1451 3202 sacramentumrs

338 3374 351 3426 1
371 3373 506 3428 existimet
518 3375 595 3432 edd.-
612 3377 721 3445 estimet
738 3374 767 3429 A
793 3375 901 3428 estimet
920 3377 946 3426 Β
1031 3375 1048 3428 2
1066 3375 1207 3429 hominum
1219 3391 1254 3430 eor
1265 3376 1376 3429 homine
1387 3375 1416 3429 A

284 3472 354 3513 corr.
370 3475 406 3515 m.
418 3461 438 3514 2
534 3461 551 3514 3
570 3463 696 3530 Syrorum
707 3461 820 3529 sambri.-
843 3459 992 3528 sprioorum
1004 3462 1031 3514 A
1055 3461 1194 3515 sirioorum
1205 3462 1233 3515 Β
1251 3463 1326 3528 ‘fort
1341 3461 1417 3531 Syri-

284 3548 382 3600 oorum'
390 3546 529 3614 Halmius,
541 3547 589 3602 sed
601 3563 661 3602 oum
674 3548 788 3602 eoadem
798 3547 915 3614 formam
927 3548 958 3600 abo
970 3552 1050 3601 textor
1061 3547 1168 3612 habeat,
1181 3563 1328 3616 operariam
1340 3562 1417 3603 error

283 3631 321 3686 sit
332 3647 438 3686 1111111
450 3638 503 3700 1111
519 3633 636 3688 seribere
654 3650 715 3687 eros
725 3633 846 3688 uolutare
859 3632 1028 3701 Syriaoorum
1041 3647 1074 3686 eor
1086 3633 1185 3688 Indice
1198 3633 1328 3688 1111111
1337 3634 1416 3689 eollo·

283 3719 371 3786 parim
382 3718 430 3786 qoo'
441 3719 481 3772 oto
491 3718 585 3774 babet:
599 3719 695 3788 ‘Syriai
705 3719 857 3787 (Syriooii)³
926 3719 1056 3772 maiorum
1065 3719 1094 3773 Β
1162 3721 1179 3774 6
1191 3720 1231 3773 111
1243 3720 1416 3789 loquentibus

284 3819 320 3858 11
330 3803 525 3873 illoqueutibus
536 3806 565 3859 A
576 3821 645 3860 corr.
658 3822 694 3861 11.
707 3808 738 3860 2:
765 3803 836 3858 nihil
848 3804 1020 3872 loquentibus
1033 3804 1062 3858 B
1164 3805 1179 3859 7
1193 3805 1361 3874 prohibentis
1373 3807 1415 3862 od.

279 3898 335 3958 pa
353 3889 429 3957 (111
449 3888 608 3958 prohibens*
632 3896 658 3946 et
674 3891 707 3946 a'oo
723 3905 776 3960 mq.
801 3906 832 3944 11
859 3888 1070 3959 nemorensem
1105 3891 1251 3959 prohibens
1278 3893 1361 3946 etium
1387 3893 1416 3948 A

282 3976 428 4046 prohibens
445 3975 474 4030 Β
576 3979 593 4033 8
611 3977 739 4033 estiment
756 3978 784 4032 Β
881 3991 959 4032 omne
978 3993 1012 4033 eor
1031 3979 1105 4032 omui
1123 3980 1151 4033 A
1169 3995 1238 4034 oorr.
1258 3982 1339 4034 1121
1357 3995 1415 4034 om·

282 4062 359 4116 nium
376 4063 405 4117 B
508 4063 1201 4132 9111(11111111111111)1111111Α1111.11.1
1301 4065 1335 4120 10
1354 4083 1414 4123 oon·

282 4149 403 4216 temptus
429 4148 458 4202 Β
560 4149 740 4219 praeceptum]
761 4153 904 4218 praerepta
925 4149 954 4204 Β
1058 4151 1092 4204 14
1112 4154 1253 4219 praerepta
1276 4153 1413 4207 soluamus

284 4233 414 4288 caleamus
437 4234 465 4287 Β
569 4235 684 4290 151111
703 4251 753 4291 om.
778 4235 805 4288 Β
909 4235 942 4290 19
963 4236 1074 4304 perierit
1091 4236 1147 4291 aad.
1166 4253 1180 4290 r
1198 4236 1243 4290 del
1261 4244 1287 4292 et
1305 4239 1330 4292 it
1346 4244 1412 4294 mat.

282 4319 315 4374 in
332 4321 359 4373 et
377 4319 404 4372 A
429 4321 529 4388 peieret
547 4337 581 4376 eor
597 4321 669 4392 peior
687 4321 715 4374 Β
731 4335 802 4375 corr.
820 4321 856 4388 of.
874 4321 913 4375 od
929 4325 1082 4386 1611171
1171 4323 1206 4376 20
1222 4323 1413 4393 peruulgatum

283 4406 324 4460 A:
342 4420 388 4474 per
397 4405 503 4460 uultum
513 4407 540 4461 B
626 4407 660 4460 22
672 4405 742 4461 uihil
753 4405 829 4461 aliud
841 4406 961 4462 dioturus
972 4407 1001 4462 Β
1014 4423 1084 4463 oorr.
1097 4424 1131 4463 eor
1142 4409 1212 4463 nihil
1225 4409 1345 4464 dicturus
