3178 5100
513 423 553 478 ad
571 423 751 478 ecclesiam
774 423 804 478 11
824 427 840 487 ς
857 422 968 476 54-61.
1240 425 1304 490 263

173 633 263 680 suam
286 614 447 698 mancipat
468 615 500 678 et
521 615 684 695 pecuniam
707 615 824 696 negat?
846 612 915 694 quis
938 613 1101 694 promissis
1117 614 1302 679 caelestibus

172 717 267 782 fidem
300 719 476 783 commodat
505 717 538 781 et
565 734 626 780 non
655 717 721 799 agit
743 719 778 780 ut
814 733 880 780 esse
912 716 1009 796 possit
1043 717 1196 799 particeps
1230 734 1302 799 pro·

173 819 381 886 missionum?
420 824 451 884 et
480 821 549 885 ideo
571 839 641 884 oum
664 819 827 884 uideamus
851 818 990 884 homines
1014 819 1090 883 haec
1113 837 1174 884 non
1199 839 1302 905 agere,

173 924 315 1008 cogimur
349 943 410 989 non
444 927 605 989 credentes
638 923 742 1006 palam
772 926 804 988 ot
832 923 993 988 euidenter
1028 940 1204 1006 agnoscere.
1242 941 1302 988 non

152 1028 310 1094 eliceret
340 1045 391 1092 eos
421 1046 477 1092 nos
508 1029 565 1093 deo
595 1027 690 1092 fidem
720 1028 866 1110 putemus
895 1027 1053 1109 adhibere,
1086 1046 1160 1092 cum
1189 1027 1239 1091 illi
1270 1045 1303 1092 se

173 1132 265 1196 rebus
288 1132 423 1196 clament
446 1149 567 1214 osgaro.
605 1131 637 1195 in
667 1149 726 1213 quo
749 1149 873 1196 neeesse
896 1132 941 1195 est
964 1130 1183 1196 infidelitatem
1205 1149 1302 1212 paene
1312 1136 1354 1203 58

174 1237 314 1303 omnium
343 1235 506 1300 hominum
534 1233 642 1320 plangi
664 1239 757 1320 atque
779 1235 892 1319 lugeri.
930 1253 947 1298 o
970 1235 1107 1312 miseria,
1138 1252 1303 1316 operuer-

174 1342 269 1405 sitas!
307 1338 427 1404 homini
456 1339 494 1404 ab
524 1339 648 1404 homine
677 1339 815 1403 creditur
838 1341 870 1403 et
893 1357 953 1404 non
975 1337 1113 1403 ereditur
1137 1339 1209 1402 deo:
1244 1338 1303 1402 hu-

173 1445 277 1508 manis
305 1442 563 1525 promissionibus
594 1461 666 1525 spes
695 1444 910 1509 commodatur
939 1443 994 1507 deo
1018 1445 1162 1526 negatur.
1199 1440 1304 1506 omnia

139 1573 165 1612 ιο
174 1548 307 1629 denique
330 1547 364 1612 in
386 1550 478 1614 rebus
501 1548 646 1612 humanis
661 1567 730 1631 spes
754 1548 930 1613 futurorum
954 1548 1066 1630 agunt:
1091 1546 1158 1610 uita
1181 1563 1303 1628 quoque

173 1651 241 1734 ipsa
273 1651 349 1715 haec
380 1652 570 1732 temporaria
603 1652 727 1716 nonnisi
754 1669 809 1734 spe
838 1651 934 1716 alitur
957 1669 992 1716 ao
1015 1651 1196 1715 sustinetur.
1234 1649 1303 1713 ideo
1312 1657 1355 1726 59

175 1755 260 1817 enim
290 1755 379 1818 terris
410 1753 570 1819 frumenta
600 1755 764 1837 credimus,
795 1758 831 1818 ut
861 1773 932 1819 cum
954 1757 1058 1820 usuris
1082 1755 1201 1818 credita
1224 1753 1303 1817 reci-

174 1857 312 1938 piamus:
341 1858 411 1923 ideo
434 1858 466 1922 in
489 1859 589 1923 uineis
613 1856 702 1923 labor
724 1858 879 1922 maximus
902 1857 1035 1941 ponitur,
1068 1857 1140 1940 qnia
1162 1857 1303 1921 homines

173 1978 244 2042 spes
274 1960 447 2026 uindemiae
478 1961 672 2027 consolatur:
702 1960 772 2026 ideo
803 1962 1014 2043 nogotiatores
1045 1962 1208 2027 thesauros
1231 1977 1303 2024 suos

139 2063 384 2148 comptionibus
412 2067 561 2143 uacuam,
591 2066 667 2129 dum
694 2064 924 2130 uenditionibus
955 2071 1083 2146 sperant
1106 2083 1172 2128 esse
1195 2081 1304 2128 cumn-

173 2167 299 2233 landos:
332 2167 401 2233 ideo
432 2168 616 2252 nauigantes
644 2168 744 2232 uitam
772 2169 875 2233 uentis
904 2185 939 2232 ac
969 2169 1207 2250 tempestatibus
1238 2186 1304 2231 cre·

173 2273 262 2355 dunt,
285 2255 321 2335 rit
342 2271 455 2354 spebus
471 2271 614 2354 uotisque
635 2271 803 2356 potiantur.
820 2273 852 2336 ot
872 2273 946 2354 qnid
968 2271 1082 2353 plura?
1104 2289 1163 2352 pax
1185 2289 1304 2352 quoque

172 2376 256 2439 inter
278 2375 358 2440 feras
374 2394 410 2439 ac
428 2374 574 2439 barbaras
597 2378 707 2459 gentes
731 2393 784 2455 spo
805 2373 955 2438 innititur
972 2375 1002 2437 et
1018 2373 1077 2439 fide
1093 2373 1303 2457 adstipulante

173 2477 325 2542 firmatur.
357 2478 492 2543 latrones
515 2496 635 2560 quoque
650 2478 712 2559 ipsi
728 2482 759 2541 et
774 2476 969 2559 sanguinarii
984 2477 1078 2541 fidem
1093 2477 1152 2542 sibi
1167 2475 1303 2541 inuicem

138 2599 235 2654 „non
264 2584 381 2665 negant
408 2582 440 2644 et
468 2598 546 2662 quae
576 2581 775 2663 promiserint
803 2585 911 2645 mutuo
942 2585 1118 2646 seruaturos
1141 2597 1206 2644 esse
1230 2597 1302 2643 con·

172 2683 285 2748 fidunt.
322 2685 425 2748 totum
453 2685 595 2768 denique,
625 2688 661 2748 ut
684 2684 756 2764 dixi,
786 2684 869 2749 inter
891 2685 1028 2750 homines
1051 2684 1163 2767 spebus
1187 2684 1301 2767 agitur.

174 2789 260 2852 solus
288 2787 362 2852 deus
392 2789 440 2852 est
462 2788 500 2852 de
522 2806 582 2869 quo
612 2788 808 2871 desperatur:
843 2807 975 2870 cumque
1006 2789 1161 2854 elementa
1183 2788 1251 2869 ipsa
1273 2790 1304 2850 st

172 2896 319 2955 naturam
352 2892 462 2956 mnndi
496 2893 639 2956 dominus
668 2896 772 2957 noster
799 2890 923 2956 fidelem
951 2892 1070 2975 fecerit,
1098 2891 1146 2957 illi
1179 2891 1304 2956 tantum

172 3011 268 3076 prope
291 2995 329 3059 ab
352 2995 493 3059 omnibus
516 3011 578 3058 non
602 2995 750 3076 creditur,
774 2996 828 3076 qni
850 2995 933 3060 solus
956 2994 1031 3060 fecit
1047 2999 1082 3058 ut
1097 2995 1188 3058 rebus
1204 2995 1304 3058 omni·

137 3097 233 3171 25bns
256 3099 439 3162 crederetur.

215 3217 306 3282 XIII.
338 3217 397 3284 Sed
419 3220 480 3284 dici
496 3219 576 3283 forte
591 3219 650 3284 hoo
665 3220 732 3284 loco
748 3220 856 3303 possit,
881 3220 963 3302 quod
981 3218 1074 3284 rebus
1093 3219 1157 3283 suis
1173 3221 1303 3283 utantur
1312 3222 1355 3288 60

172 3321 316 3386 homines
340 3339 401 3385 non
425 3341 490 3386 esse
512 3322 709 3387 infidelitatis
731 3321 888 3388 interdum
905 3325 959 3388 sed
975 3320 1180 3404 necessitatis,
1204 3340 1303 3403 neque

172 3425 230 3489 deo
261 3443 322 3490 non
356 3425 481 3490 credere
515 3424 677 3508 religiosos
708 3426 762 3490 sod
794 3427 879 3492 uitae
910 3429 1002 3509 atque
1035 3426 1105 3491 usui
1132 3425 1304 3490 necessaria

173 3545 347 3606 reseruare;
370 3528 488 3592 multos
511 3530 592 3592 enirn
615 3531 798 3594 sanctorum
820 3530 984 3596 hominurn
1000 3548 1157 3594 asumma
1179 3529 1304 3611 dispen-

135 3633 340 3702 wsandarum
364 3647 457 3711 opum
481 3632 671 3713 perfectione
694 3634 749 3696 aut
772 3651 846 3697 sexu
869 3651 1101 3714 nonnumquam
1124 3635 1178 3698 aut
1201 3632 1303 3696 aetate

173 3735 231 3798 aut
253 3734 321 3815 ipsa
343 3735 523 3800 infirmioris
539 3735 711 3817 corpusculi
728 3735 936 3801 inbecillitate
959 3735 1126 3818 prohiberi.
1158 3735 1223 3798 esto
1245 3733 1349 3802 bocbl

225 4022 242 4075 2
269 4024 337 4092 agit]
361 4024 402 4078 ait
425 4039 446 4078 s.
464 4039 515 4078 scr.
535 4041 567 4078 m.
587 4027 607 4078 2
625 4025 663 4093 ᾧ·
687 4025 715 4078 Β
817 4027 834 4079 5
861 4025 904 4078 illi
928 4024 1062 4094 serebas]
1087 4024 1142 4078 illis
1159 4021 1302 4076 herodibus

171 4109 201 4163 B
306 4109 339 4162 12
360 4110 472 4174 oradim;
495 4116 522 4164 st
545 4111 685 4180 recipiam
709 4111 798 4166 adeor.
822 4113 855 4165 a'n
876 4112 925 4179 fia.
948 4111 965 4165 9
984 4116 1029 4177 (τ.
1042 4113 1084 4178 ns)
1108 4126 1141 4164 m.
1159 4125 1212 4164 asc.
1230 4108 1258 4163 A
1276 4114 1303 4162 et

172 4195 370 4264 saepiamcfr.
389 4195 545 4251 ad11117
649 4199 681 4252 13
700 4199 778 4253 uinco
795 4214 815 4252 a.
835 4213 850 4250 o
868 4213 917 4253 scr.
935 4214 969 4252 m.
987 4201 1005 4252 2
1022 4199 1045 4250 is
1063 4197 1090 4250 A
1195 4196 1228 4250 15
1245 4211 1301 4264 spe-

170 4284 267 4350 raritas
290 4298 331 4350 se,
358 4283 530 4337 cumulandos
548 4284 605 4349 (ais)
630 4299 664 4337 m.
684 4289 701 4338 1
723 4283 825 4350 Ano)
927 4283 961 4337 22
987 4298 1100 4351 cumque
1123 4284 1221 4336 natura
1244 4283 1302 4350 ipsa

173 4370 202 4422 st
221 4367 351 4422 elementa
369 4369 440 4435 Bp)
544 4369 579 4423 24
597 4386 647 4422 non
666 4369 955 4426 creditur-omnibus
974 4385 1023 4425 om.
1042 4369 1068 4422 B
