3134 5098
759 498 912 553 Saluitoni

681 1093 894 1194 nlssuu
932 1095 985 1196 Π.

244 1389 261 1452 1
314 1377 341 1443 Ι.
372 1373 540 1443 Sufficiunt
561 1372 658 1459 igitur
682 1374 721 1439 de
743 1373 891 1457 exemplis
919 1371 981 1440 isto
1003 1391 1081 1457 quae
1103 1375 1256 1458 diximus,
1286 1377 1399 1461 quibus

272 1486 381 1569 utique
408 1479 525 1564 iugiter
553 1480 627 1544 deus
655 1479 759 1543 noster
787 1477 820 1542 et
843 1475 1069 1561 oontsmmetor
1099 1479 1344 1548 sollicitissimus
1367 1485 1399 1548 et

272 1587 461 1674 gubernator
487 1581 650 1669 piissimus
677 1582 709 1646 et
737 1579 828 1644 index
858 1579 1050 1648 iustissimus
1080 1584 1306 1666 eomprobutnr.
1344 1589 1399 1652 sed

272 1691 390 1778 eogitot
413 1691 451 1756 de
472 1683 717 1771 imperitioribus
739 1683 821 1750 forto
845 1683 978 1765 sliqnisr
1000 1683 1028 1750 si
1049 1683 1096 1750 sio
1117 1689 1254 1770 aguntur
1275 1705 1357 1754 nuno
1380 1706 1400 1754 n

272 1798 329 1862 deo
351 1793 466 1873 omnin,
490 1792 527 1856 ut
548 1792 625 1856 tuno
646 1789 719 1854 sote
739 1789 824 1866 sunt,
848 1786 924 1872 quid
946 1788 1097 1871 estquod
1117 1789 1195 1856 moli
1216 1792 1432 1875 praemissis

273 1900 465 1986 adfliguntnr
488 1895 572 1974 boni,
595 1894 627 1958 et
650 1910 722 1958 enm
744 1892 821 1957 tuno
838 1890 922 1960 irum
944 1891 1022 1959 mali
1044 1893 1198 1959 senserint
1221 1898 1252 1960 ot
1273 1895 1399 1962 miseri·

273 2002 410 2069 cordiam
440 1998 530 2078 boni,
560 2015 642 2063 nuno
668 1995 815 2060 uidentur
837 1995 952 2060 sentiro
974 1997 1199 2076 quodamnodo
1221 1997 1295 2064 boni
1316 1999 1399 2064 irum

270 2111 305 2173 et
327 2104 404 2171 mali
425 2103 583 2189 gretiam?
610 2098 797 2183 paulopost
820 2099 859 2164 sd
879 2097 944 2164 ista
964 2097 1186 2181 respondeam:
1219 2119 1303 2168 nuno
1325 2101 1399 2186 quio

271 2209 334 2274 trio
347 2209 433 2286 haee,
450 2207 542 2274 idest
556 2202 766 2290 praesentiam
781 2202 841 2281 dei,
856 2201 1115 2286 gubernationem
1128 2207 1221 2287 etque
1236 2205 1397 2287 indicium,

270 2311 371 2377 tribus
400 2309 449 2375 his
477 2327 527 2374 me
550 2309 754 2392 probaturum
777 2325 842 2372 esse
863 2305 1010 2391 promisi,
1036 2305 1093 2373 hoo
1116 2308 1180 2384 est,
1202 2308 1323 2374 ratione
1346 2327 1397 2375 er·
1407 2321 1437 2374 ιο·

270 2414 383 2496 emptis
398 2430 434 2478 se
449 2411 648 2498 testimoniis,
665 2413 738 2496 quie
750 2411 870 2478 ratione
884 2415 915 2476 ot
930 2409 1081 2492 exemplis
1095 2411 1161 2478 inm
1175 2413 1396 2494 satisfecimus,

271 2520 411 2601 superest
444 2518 481 2582 ut
513 2515 704 2582 testimoniis
738 2515 943 2582 declaremus:
978 2513 1122 2597 quemuis
1155 2516 1296 2602 exemplu
1327 2517 1398 2598 ipss

272 2639 350 2704 quse
372 2619 506 2684 diximus
529 2618 637 2684 heberi
659 2637 715 2702 pro
736 2618 925 2684 testimoniis
948 2616 1094 2698 debeant,
1118 2618 1191 2700 quie
1205 2620 1289 2685 reete
1303 2619 1397 2685 testi·

240 2713 411 2792 2monium
449 2739 515 2787 esse
549 2722 665 2788 dieitur
698 2739 757 2806 qno
793 2739 897 2790 rorum
933 2723 1049 2790 uelites
1084 2723 1282 2806 adprobatur.
1320 2721 1397 2804 quid

270 2826 367 2909 igitur
396 2844 432 2891 ex
462 2825 529 2892 illis
563 2825 664 2893 tribus
698 2845 776 2911 qnae
810 2843 903 2909 supro
931 2825 1015 2892 dioto
1043 2829 1118 2893 suut
1138 2843 1194 2909 per
1215 2825 1431 2892 testimoniare

270 2947 358 2996 soors
387 2929 526 3012 primum
555 2929 678 3012 probari
699 2929 807 3008 debet,
841 2931 1017 3011 praesentio
1039 2948 1080 2995 nn
1103 2927 1289 3016 gubernatio
1313 2947 1395 2995 enne

269 3032 445 3098 indieium?
475 3033 660 3115 proesentis,
690 3031 809 3115 opinor,
840 3031 922 3114 quis,
954 3033 1007 3114 qui
1037 3033 1088 3098 uel
1110 3035 1251 3098 reotnrus
1273 3034 1322 3096 ost
1343 3033 1395 3098 uel

269 3135 478 3213 iudiooturm,
508 3152 654 3217 praesens
677 3136 793 3217 absque
817 3133 910 3200 dubio
932 3153 998 3200 osse
1019 3133 1130 3213 debet,
1153 3138 1189 3199 nt
1211 3134 1264 3201 uel
1285 3153 1395 3220 regere

270 3239 417 3324 quioquid
439 3239 519 3305 illud
542 3242 589 3305 est
610 3238 663 3304 nel
684 3239 821 3306 iudicare
842 3239 952 3322 possit.
982 3239 1111 3323 loquens
1133 3240 1166 3304 in
1181 3240 1395 3307 uoluminibus

269 3343 333 3408 suis
363 3360 465 3409 sermo
495 3342 620 3416 diuinus
643 3343 687 3408 sie
710 3343 770 3410 ait:
804 3344 966 3408 inomni
997 3344 1085 3409 looo
1116 3343 1223 3410 oouli
1246 3344 1453 3411 dominiis*
1559 3407 1560 3414 ,

269 3447 594 3530 contemplantur
615 3445 736 3513 bonos
760 3450 797 3512 et
818 3446 957 3512 malos:
982 3463 1052 3512 eooe
1073 3444 1167 3511 habes
1185 3451 1393 3532 praesentem,

268 3567 337 3614 eooe
360 3550 543 3630 intuentem,
565 3567 635 3615 esee
657 3551 690 3614 in
712 3549 798 3616 omni
819 3551 886 3615 looo
910 3567 945 3614 ao
958 3568 1013 3632 por
1028 3547 1181 3616 uisionem
1195 3549 1394 3635 uigilantem.

267 3651 385 3719 ideireo
413 3652 499 3717 enim
527 3653 560 3717 et
587 3653 681 3720 bonos
712 3651 751 3716 ab
780 3670 815 3718 eo
838 3652 1024 3718 eonsidersri
1053 3651 1085 3718 et
1112 3653 1210 3718 melos
1240 3653 1334 3734 dixit,
1357 3654 1394 3718 ut

370 3836 404 3891 20
422 3836 500 3891 Pron.
521 3837 560 3905 lb,
579 3837 596 3891 3

318 4008 335 4063 9
362 4010 417 4064 trin
442 4007 471 4061 Β
495 4009 527 4061 e'n
550 4025 599 4079 mp.
705 4008 737 4062 13
763 4006 911 4062 hebetior
932 4006 1030 4062 hebere
1051 4024 1069 4060 v
1091 4023 1162 4064 eorr.
1179 4025 1215 4065 m.
1233 4012 1266 4064 2:
1294 4010 1393 4065 hebere

268 4093 323 4147 AB
428 4094 459 4148 17
483 4095 529 4163 qni
551 4095 607 4148 AB
630 4098 656 4149 et
672 4095 741 4148 eooi.
760 4093 960 4149 Reuertemur
983 4096 1043 4162 (om.
1062 4094 1103 4149 eei.
1119 4098 1176 4163 pr.)
1281 4096 1313 4152 18
1336 4113 1393 4152 esse

269 4193 319 4236 om.
337 4179 364 4233 Β
381 4185 444 4236 m.1
528 4180 581 4249 uol]
600 4183 612 4233 l
629 4195 650 4236 s.
664 4180 681 4235 l.
698 4182 727 4233 A
744 4184 807 4234 m.1
898 4179 932 4235 21
950 4180 1035 4234 melos
1053 4184 1081 4236 et
1099 4181 1182 4236 bonos
1199 4183 1227 4235 A
1243 4183 1292 4237 sed
1305 4181 1398 4252 peselo

265 4270 329 4333 poet
345 4271 369 4329 §-
383 4270 400 4320 5
417 4267 487 4321 idem
504 4265 588 4321 bonos
605 4268 633 4320 et
650 4267 735 4320 melos
753 4266 832 4322 babet
918 4267 1019 4321 hebens
1037 4267 1066 4321 A
1151 4267 1185 4321 22
1201 4284 1248 4338 per
1260 4269 1393 4324 nisionom

269 4349 427 4406 Hortelieest
450 4353 602 4421 pronisione
619 4351 676 4406 AB
693 4350 838 4415 Halmium
865 4353 918 4420 cfr.
935 4353 1016 4422 infra
1032 4358 1050 4418 3
1068 4355 1097 4408 5:
1121 4355 1271 4424 generalem
1289 4371 1346 4410 esse
1363 4356 1394 4410 in

268 4451 358 4492 omnos
376 4436 478 4492 domini
496 4438 625 4494 uisionem
