3172 5098
273 451 337 520 306
671 451 673 455 ’
762 449 919 506 Saluitoni

225 645 265 710 16
274 644 359 720 dous,
384 643 438 726 qui
459 641 732 725 praetermittitur,
756 659 819 706 non
832 640 944 707 amari.
973 640 1028 705 sed
1041 639 1245 724 putaedenm
1258 641 1408 707 uidelioet

275 746 489 811 munificentia
510 743 646 810 hominis
669 761 731 809 non
753 762 852 829 egere,
875 743 1007 822 ntideo,
1030 743 1105 827 quid
1128 761 1253 810 nooeeoe
1275 745 1332 824 eet,
1356 749 1408 812 in-

237 887 240 900 ·
275 849 355 931 quis,
380 850 419 915 ab
440 847 566 914 homine
588 849 619 913 ei
638 846 802 932 quippiam
824 845 933 928 tribui,
962 847 1016 930 qui
1038 847 1105 928 ipae
1128 849 1241 914 ounota
1262 849 1408 930 omnibns

276 950 384 1018 dedit?
406 955 514 1017 utrum
529 954 620 1036 egeat
642 949 859 1017 munificentia
881 953 988 1016 nostra
1010 949 1156 1016 dominus
1173 969 1214 1018 an
1229 971 1291 1020 non
1304 955 1407 1037 egeat,

276 1056 332 1123 aut
354 1056 506 1139 quomodo
528 1055 581 1121 uel
603 1057 693 1138 egeat
714 1055 767 1122 uel
787 1073 849 1121 non
865 1057 955 1139 egeat
969 1054 1239 1128 iamluidebimao.
1268 1055 1407 1138 interim,
1430 1084 1445 1126 e

276 1159 348 1243 quia
370 1159 409 1225 ab
433 1177 468 1224 eo
492 1156 612 1225 eunetis
636 1162 749 1224 eurota
769 1160 921 1243 praestari
944 1160 1040 1224 etiam
1054 1159 1219 1244 tunegare
1234 1179 1297 1226 non
1311 1180 1407 1229 aneae

276 1282 318 1343 ee,
349 1263 408 1329 hoo
430 1262 553 1347 dignior
577 1267 626 1328 est
648 1261 770 1346 absque·
789 1262 883 1329 dubio
904 1262 1054 1345 largitate
1076 1266 1192 1342 nostre,
1222 1264 1295 1346 qnia
1316 1265 1408 1332 nobie

275 1369 341 1452 ipse
364 1371 438 1432 ante
459 1365 595 1452 largitus
624 1366 683 1450 eet,
712 1367 772 1431 hoo
793 1365 907 1432 iustine
930 1366 960 1432 ei
982 1365 1095 1432 offioiie
1116 1370 1301 1449 respondere
1323 1373 1409 1436 tem-

227 1473 417 1554 timemus,
448 1488 508 1553 quo
537 1469 697 1552 benefieiis
725 1470 813 1536 illine
841 1469 947 1552 magio
972 1470 1097 1554 inpares
1124 1489 1244 1538 eumue.
1280 1491 1353 1539 nam
1376 1479 1409 1541 ot

277 1577 388 1640 natura
420 1573 490 1656 ipse
525 1574 688 1641 hominum
722 1573 974 1657 consuetudoque
1011 1575 1185 1640 eommunia
1222 1574 1281 1640 hae
1318 1577 1409 1660 quasi
1420 1605 1445 1644 ro

251 1677 416 1766 ‚generali
438 1678 567 1744 ounotos
589 1679 658 1761 lege
680 1677 880 1763 oonetringit‚
904 1681 974 1744 uta
994 1677 1109 1760 quibne
1125 1678 1246 1761 aliquid
1267 1678 1408 1747 liberali-

276 1782 351 1866 tatis
376 1779 557 1866 eooipimus,
586 1780 659 1866 plue
682 1781 727 1848 eie
749 1781 872 1866 gratiae
894 1765 1082 1848 debeamus:
1111 1783 1195 1848 artat
1218 1783 1330 1867 qnippe
1352 1803 1409 1852 nos

276 1889 316 1956 ad
343 1885 581 1952 retributionem
609 1885 677 1952 dati
705 1888 836 1968 aooepta
867 1884 1004 1968 largitio.
1041 1885 1116 1953 ente
1143 1903 1238 1952 usum
1267 1889 1351 1954 enim
1372 1909 1410 1956 ao

277 1988 526 2064 manitioentiem
559 1985 760 2050 liberalitatis
789 1985 907 2068 alienae
936 1984 1017 2051 liber
1044 1989 1093 2051 oet
1115 1987 1281 2071 quispiam,
1314 1992 1410 2056 bene-

277 2092 420 2158 fieiornm
448 2091 574 2156 faenore
602 2107 663 2156 non
691 2089 868 2174 granatae.v
892 2093 1045 2174 cogantur
1076 2092 1183 2157 autem
1211 2109 1317 2159 omnes
1340 2093 1448 2177 ipsam

278 2195 469 2262 ooneoientia
490 2212 547 2260 soa
562 2194 603 2258 ad
625 2192 874 2276 repensationem
896 2193 1135 2276 uicissitpdinis,
1158 2197 1327 2280 postquam
1342 2217 1410 2266 esee

228 2300 435 2387 1800oporint
456 2297 622 2366 debitores.
651 2297 697 2364 ita
719 2314 791 2382 ergo
807 2297 840 2363 et
855 2296 912 2363 deo
936 2297 993 2380 hoo
1010 2298 1129 2367 maiora
1144 2299 1304 2375 debemus,
1327 2304 1411 2385 qood

278 2405 317 2472 ab
346 2423 380 2470 eo
408 2404 535 2488 eunota¹
549 2403 752 2487 percepimus,
785 2405 816 2467 et
844 2400 903 2466 hoo
930 2404 1114 2484 respondere
1143 2401 1300 2478 benefieiis
1322 2405 1411 2473 illine

277 2507 383 2574 minus
415 2525 593 2590 possumne,
626 2505 709 2588 quod
737 2506 766 2572 ei
795 2504 921 2575 etiamsi
953 2525 1031 2589 quae
1066 2506 1223 2584 debemus¹
1248 2506 1411 2576 redhibere

279 2611 452 2696 oupiamue‚
477 2609 645 2693 tamenmde
667 2625 722 2675 eno
745 2609 914 2676 reddimus.
954 2628 991 2676 ao
1014 2629 1070 2692 per
1091 2611 1149 2677 hoo
1172 2629 1235 2684 non
1256 2614 1305 2678 eet
1327 2613 1448 2694 qnodro

277 2714 400 2796 plaeere
427 2712 490 2778 siti
519 2714 692 2798 quisquam
713 2711 881 2798 largitione
909 2731 966 2779 sua
993 2712 1113 2779 debeat.
1151 2713 1234 2780 siout
1262 2732 1320 2780 oua
1347 2734 1412 2781 non

278 2819 352 2885 eunt
386 2816 507 2892 eunom,
542 2832 621 2897 quae
650 2833 669 2880 a
698 2813 824 2880 domino
855 2833 911 2880 suo
941 2815 1066 2898 arripit,
1098 2815 1145 2882 sio
1174 2836 1230 2884 ena
1252 2835 1313 2884 non
1336 2822 1412 2885 eunt

279 2922 391 2986 ounota
419 2938 496 3002 quae
524 2918 637 2986 reddit.
675 2921 706 2984 et
723 2918 805 2988 ideo
831 2918 980 3002 perfidiae
1011 2918 1136 3001 quidem
1158 2938 1258 3003 poena
1280 2920 1413 2988 debetur

278 3022 317 3100 ei,
351 3023 406 3106 qui
439 3023 600 3109 negauerit
633 3022 691 3088 deo
724 3040 804 3106 quae
822 3023 907 3106 ¹sunt
927 3022 987 3088 eibi
1010 3022 1049 3089 ab
1074 3026 1179 3090 eodem
1203 3026 1412 3108 commodato,

279 3128 427 3212 inputare
448 3130 555 3193 autem
576 3125 778 3212 largitionem
793 3143 855 3192 non
878 3127 992 3210 potest,
1015 3129 1069 3209 qui
1082 3126 1256 3194 reddiderit
1268 3131 1450 3212 aooepta.2e
1568 3149 1569 3178 ³

229 3275 269 3340 19
320 3267 400 3335 IIII.
431 3265 493 3334 Sed
515 3268 600 3351 dene,
631 3266 746 3350 inquis,
770 3284 831 3331 non
854 3266 927 3349 eget
948 3264 1164 3330 retributione.
1204 3267 1284 3332 nihil
1306 3270 1412 3333 minue

279 3389 374 3454 qoam
402 3373 439 3436 nt
467 3388 529 3436 non
558 3370 658 3453 egeat.
693 3388 755 3435 non
777 3371 853 3452 eget
878 3366 963 3432 erim
990 3359 1078 3433 iaxta
1109 3369 1283 3452 potentiam
1312 3388 1412 3449 suam,

280 3474 334 3540 sed
357 3478 427 3558 eget
449 3474 536 3539 iuxta
557 3473 807 3556 praeceptionem
827 3489 933 3538 enam:
967 3489 1029 3537 non
1051 3475 1123 3554 eget
1145 3473 1319 3538 seeundum
1342 3491 1413 3538 me·

279 3581 423 3644 ieetatom
444 3595 543 3656 suam,
567 3580 620 3643 eed
644 3578 716 3661 eget
737 3576 908 3644 seeundum
930 3576 1034 3659 legem
1056 3593 1156 3654 suam,
1179 3577 1211 3639 et
1233 3575 1267 3640 in
1289 3577 1356 3658 ipso
1380 3595 1413 3642 ee

280 3682 405 3763 quidem
438 3699 499 3747 non
533 3682 614 3765 eget,
648 3680 702 3745 sed
737 3679 770 3744 in
805 3679 914 3744 multis
947 3683 1033 3762 eget:
1067 3695 1128 3743 non
1164 3679 1286 3762 quaerit
1315 3679 1349 3743 in
1379 3698 1452 3749 seeo

331 4023 409 4080 5nol
426 4027 505 4092 egeat
522 4039 574 4079 om.
590 4026 618 4079 A
722 4025 738 4080 6
756 4026 846 4080 euntis
863 4027 891 4079 A
993 4025 1010 4079 9
1032 4040 1084 4095 qno
1102 4025 1202 4094 ooripei
1220 4023 1300 4090 (conl.
1317 4040 1345 4078 a.
1364 4025 1417 4077 18:

280 4118 330 4172 hoo
348 4119 503 4189 respondere
521 4119 657 4176 beneficiio
675 4120 854 4186 diremimus
866 4124 1031 4191 pessumdat:
1050 4135 1102 4189 quo
1119 4136 1137 4176 a
1154 4121 1182 4173 A
1209 4118 1281 4188 qnod
1299 4117 1327 4172 B
1352 4119 1425 4189 qnia

280 4214 411 4271 Halmius
498 4215 530 4270 11
548 4229 564 4267 a
581 4215 680 4283 quibua
697 4231 732 4271 ea
749 4214 839 4284 aliquo
857 4219 927 4285 (ooo
938 4214 1131 4284 omahqnibno)
1150 4229 1221 4271 corr.
1234 4215 1300 4271 m.2
1319 4214 1347 4268 B

282 4305 315 4360 ιι
332 4308 358 4362 er
375 4309 402 4364 ιι
507 4311 538 4364 ιι
555 4309 692 4365 namen
710 4310 777 4380 alo)
882 4311 915 4366 re
932 4309 1050 4365 raonem
1068 4308 1122 4363 ea
1219 4309 1252 4362 ar
1271 4309 1419 4377 quaquam

279 4419 315 4458 eoo
333 4405 466 4474 quispiam
483 4421 554 4462 corr.
571 4421 606 4460 ιιι.
624 4408 645 4461 2
662 4404 708 4462 ool
725 4410 741 4462 1
761 4406 788 4461 A
