3172 5098
506 468 545 523 ad
564 468 743 524 ecelesiam
765 469 811 525 III
833 469 978 534 sae-51.
1245 471 1309 540 285

179 660 352 744 refugerat,
381 659 434 742 qui
463 659 675 728 membrorum
703 676 830 727 snorum
860 660 1016 726 ulceribus
1046 678 1137 726 eones
1165 666 1308 743 paueret,

177 781 270 844 quem
303 765 459 830 sententes
491 762 649 830 uermium
676 761 762 845 globi
795 762 891 830 etiam
925 763 1010 829 intra
1038 783 1178 830 recessus
1209 765 1309 849 peresi

177 867 313 948 eorporis
342 868 518 934 exararant.
557 885 575 932 o
607 866 714 948 granis
748 865 882 932 nimium
916 869 948 932 et
981 867 1116 950 lugenda
1150 866 1360 934 oendioiolt9

176 986 302 1062 pauper
317 969 547 1036 beatitudinem
570 969 649 1038 emit
671 970 876 1038 mendieitate
891 971 979 1035 diues
995 971 1186 1054 supplioium
1207 973 1308 1040 laeui·

155 1073 259 1140 state:
290 1091 417 1154 pauper,
442 1090 514 1138 eum
537 1075 660 1156 penitus
684 1074 731 1140 nil
753 1073 890 1151 haberet,
913 1076 992 1140 emit
1014 1077 1155 1142 aeternas
1178 1076 1308 1142 diuitias

177 1179 327 1258 egestate.
366 1194 383 1240 o
406 1181 523 1259 quanto
537 1177 606 1244 ‚has
628 1176 752 1244 facibus
774 1176 842 1244 tam
865 1178 966 1244 multa
988 1197 1093 1244 rerum
1116 1179 1324 1260 possessione

177 1279 263 1344 diues
284 1283 429 1362 potuerat
451 1299 627 1363 conparare,
652 1281 706 1362 qui
728 1281 810 1348 inter
832 1285 990 1348 tormenta
1005 1283 1152 1346 aestuans
1171 1286 1202 1348 et
1225 1283 1308 1348 inter

175 1382 328 1464 supplioia
348 1383 560 1466 proclamans:
590 1387 717 1468 pater,
740 1385 853 1466 inquit,
877 1385 1094 1462 Abraham,
1119 1385 1308 1452 miserere
1343 1425 1345 1428 -

176 1485 251 1550 mei
281 1489 320 1552 st
349 1486 467 1552 mitte
498 1487 746 1567 Eleazarum,
779 1489 824 1552 ut
851 1487 1064 1569 intinguat
1093 1492 1308 1554 extremum

141 1589 298 1673 rodigiti
331 1589 392 1654 sui
420 1591 459 1656 in
488 1609 605 1673 aqua,
639 1594 682 1656 ut
705 1591 925 1674 refrigerat
958 1591 1137 1671 linguam
1169 1611 1307 1672 meam,

176 1694 267 1775 qnia
289 1694 447 1760 oruoior
467 1693 507 1760 in
530 1695 600 1760 hae
622 1694 793 1760 flamma.
832 1714 893 1761 nen
922 1696 1067 1762 horrebat
1089 1699 1165 1760 tuno
1188 1696 1309 1762 scilieet

176 1795 264 1860 diues
286 1797 340 1862 ille
362 1797 503 1862 Eleazarl
526 1800 680 1880 quondam
697 1799 844 1880 pauperis
860 1817 990 1864 manum
1004 1817 1062 1864 neo
1078 1799 1309 1883 dedignabatur

176 1900 343 1964 auxilinm:
375 1901 472 1965 inseri
501 1902 568 1966 eius
592 1901 707 1986 digitos
731 1904 777 1967 ori
799 1920 855 1968 suo
878 1907 910 1968 st
933 1903 1073 1986 mitigari
1095 1904 1307 1971 intolerandas

175 2001 316 2068 faucium
344 2003 488 2070 flammas
517 2006 603 2071 illius
632 2006 756 2088 pridem
785 2005 920 2072 faetidae
942 2024 980 2071 ao
1001 2009 1172 2089 squalentis
1196 2025 1308 2074 manua

140 2124 304 2176 remunera
337 2109 526 2188 postulabat.
564 2110 726 2191 oquanta
759 2127 867 2174 rerum
898 2111 1035 2176 mutatio
1069 2111 1153 2176 faeta
1187 2109 1307 2178 fuerat!

174 2210 264 2292 tangi
297 2214 375 2276 tuno
397 2210 437 2276 ab
461 2230 497 2278 eo
520 2211 726 2290 desiderabat,
760 2230 854 2294 quem
887 2214 984 2280 etiam
1017 2215 1123 2280 uidere
1152 2219 1224 2281 ante
1252 2216 1308 2282 de-

173 2315 323 2396 sperarat.

176 2451 178 2458 ·
218 2433 292 2498 XII.
324 2437 409 2500 Haeo
432 2455 505 2520 ergo
529 2437 644 2502 diuites
672 2439 818 2520 cogitent,
849 2439 902 2519 qui
925 2437 1077 2502 redimere
1100 2435 1359 2504 taonltatibusbo

175 2537 1307 2625 mmmmmmmmmfflQmwmo

139 2641 342 2723 eloquimur,
368 2643 481 2708 diuites
505 2645 580 2709 sunt
602 2646 634 2710 et
656 2646 721 2723 isti,
745 2646 784 2710 ad
808 2663 883 2728 quos
905 2663 989 2710 nuno
1009 2645 1176 2728 loquimur.
1214 2647 1306 2711 unius

175 2747 251 2812 sunt
281 2747 431 2812 nominis:
464 2753 595 2814 oaueant
618 2768 657 2814 ne
680 2751 744 2814 sint
774 2751 869 2814 etiam
891 2747 1080 2814 eondioionis
1103 2751 1205 2816 unius.
1244 2769 1307 2816 non

175 2847 354 2914 liberabunt
386 2852 471 2916 enim
503 2852 562 2928 filii
595 2852 709 2918 diuites
742 2857 886 2934 parentes
920 2870 1005 2931 reos,
1044 2871 1100 2918 neo
1134 2853 1308 2936 restinguet

175 2950 320 3016 dammas
343 2952 451 3018 miseri
480 2954 639 3020 testatoris
661 2953 782 3020 deliciis
805 2955 992 3020 aduentibus
1015 2956 1182 3038 opulentus
1206 2956 1307 3022 heres.

176 3053 290 3118 durum
324 3057 374 3120 ast
406 3056 446 3120 ab
480 3055 583 3139 aliquo
616 3057 689 3123 filiis
724 3076 759 3122 ao
791 3059 972 3141 propinquis
1008 3077 1120 3140 parum
1154 3059 1356 3141 relinquirbl

139 3159 278 3226 asmulto
301 3163 348 3224 est
371 3159 479 3225 durius
501 3162 533 3224 in
557 3162 744 3226 aeternitate
765 3162 915 3242 torqueri.
947 3161 1057 3242 opinor
1075 3165 1157 3226 enim
1174 3159 1308 3228 diuitem

175 3260 278 3344 illum,
308 3281 379 3327 oum
401 3264 606 3346 torqueretur,
636 3282 697 3330 non
720 3266 845 3330 tantum
868 3265 1066 3329 delectabant
1088 3282 1160 3346 opes
1183 3265 1307 3332 heredis
1330 3307 1331 3312 κ

175 3365 223 3430 sui
258 3368 409 3448 quantum
441 3368 600 3450 angebant
632 3368 792 3434 tormenta
824 3367 960 3450 eorporis
994 3368 1052 3446 sui,
1087 3386 1148 3434 non
1182 3370 1307 3436 tantum

279 3554 296 3607 a
318 3553 442 3622 naara,
460 3554 495 3608 ar

227 3724 387 3792 epaenitus
404 3724 432 3778 A
523 3725 648 3794 8inquit
665 3740 701 3778 aa
718 3724 813 3793 inquid
831 3741 902 3778 oorr.
919 3728 986 3780 oa2
1003 3726 1031 3780 Β
1124 3726 1307 3782 balaenarum

175 3811 362 3868 1111111111.
383 3811 521 3866 eredita
537 3817 569 3866 at
594 3827 650 3866 aaa
673 3811 785 3866 omnim
808 3813 954 3866 monuere
977 3813 1005 3866 A
1034 3813 1152 3868 lanarum
1175 3813 1216 3878 B,
1243 3815 1307 3868 item

170 3899 259 3968 puato
273 3904 338 3967 port
356 3898 466 3952 ulterari
484 3903 512 3952 et
528 3897 613 3952 lazari
702 3898 732 3952 11
752 3899 857 3952 errabat
875 3898 903 3952 B
993 3900 1025 3954 13
1043 3901 1099 3954 eius
1117 3899 1200 3954 inseri
1218 3901 1307 3969 sapon

174 3986 401 4054 transpositionis
419 3984 524 4038 additis
542 3984 570 4038 Β
673 3983 866 4040 intolleranter
884 3985 913 4040 Β
1017 3985 1307 4051 noannoeane

175 4071 253 4140 faede
279 4087 300 4124 s.
326 4086 376 4126 aar.
403 4088 437 4125 ro.
461 4073 484 4125 2-
507 4071 532 4124 ti
557 4071 585 4126 Β
705 4071 738 4126 16
765 4071 836 4124 tanti
864 4072 891 4124 Β
1006 4072 1156 4138 disponerat
1181 4071 1236 4125 AB

175 4159 218 4213 18.
235 4159 276 4213 20,
293 4157 571 4230 diqitea-loquimur
590 4162 655 4225 post
677 4159 742 4210 suut
764 4157 880 4212 nominis
901 4157 980 4212 babet
998 4159 1025 4212 A
1041 4157 1089 4216 ab
1106 4157 1193 4227 apoto
1210 4163 1304 4212 troas-

172 4245 320 4313 poer'ttoore
336 4249 400 4299 1111
419 4251 444 4300 at
460 4259 495 4300 m.
513 4246 534 4298 2
551 4259 571 4298 s.
584 4244 663 4296 nnius
675 4259 726 4298 aer.
740 4242 765 4306 b,
783 4258 805 4297 s.
819 4243 918 4301 diuites
930 4260 947 4298 a
958 4244 999 4298 111.
1094 4243 1126 4298 21
1141 4243 1305 4298 eruditionis

176 4331 219 4385 bio
237 4330 266 4385 A
352 4331 386 4384 23
404 4330 503 4384 diliciis
521 4329 683 4384 eduensibus
702 4329 758 4384 AB
784 4329 820 4398 of.
835 4331 1003 4398 paulopost
1017 4335 1046 4382 et
1063 4329 1155 4384 Hes
1240 4345 1308 4398 opu·v

176 4417 266 4471 lentus
285 4433 318 4473 err
337 4418 423 4470 ·tibus
441 4434 511 4473 corr.
530 4433 564 4472 m.
582 4419 603 4471 2
620 4415 647 4470 Β
750 4417 826 4472 hores
849 4433 882 4472 aa
906 4417 1013 4471 heredes
1030 4432 1099 4472 corr.
1117 4433 1152 4470 ro.
1171 4419 1191 4470 2
1209 4417 1237 4470 A
