3134 5098
583 1243 869 1342 LIBERI.

207 1505 234 1571 I.
268 1505 444 1570 Inouriosns
469 1521 488 1568 a
509 1502 696 1585 quibusdam
720 1506 751 1567 et
775 1503 863 1586 quasi
890 1502 1059 1588 neglegens
1082 1503 1321 1570 humanoruml

156 1610 291 1674 actuum
314 1611 387 1674 dens
410 1607 522 1673 dicitur
545 1609 653 1691 utpote
676 1625 731 1671 nec
754 1606 848 1672 bonos
872 1605 1048 1672 custodiens
1070 1625 1127 1674 nec
1150 1624 1291 1684 coercens

160 1711 273 1790 malos,
297 1713 327 1775 et
349 1711 418 1776 ideo
442 1713 474 1776 in
495 1710 554 1777 hoc
577 1712 698 1778 saeculo
722 1711 818 1776 bonos
833 1710 1015 1794 plerumque
1031 1711 1166 1787 miseros,
1191 1711 1291 1776 malos

136 1815 269 1880 abeatos
300 1833 375 1880 esse.
415 1814 553 1880 sufficere
584 1815 708 1895 quidem
723 1855 725 1858 -
739 1814 779 1878 ad
801 1813 970 1879 refellenda
1000 1813 1091 1893 haec,
1122 1814 1196 1897 qnia
1219 1804 1291 1884 oum

160 1916 347 1983 Christianis
381 1919 513 2002 agimus,
547 1918 631 1984 solus
666 1917 792 1982 deberet
826 1935 928 1982 sermo
963 1916 1096 1982 diuinis.
1135 1917 1190 1983 sed
1219 1917 1291 2000 quia

160 2021 258 2087 multi
275 2029 276 2032 ’
291 2023 517 2088 incredulitatis
551 2021 720 2106 paganicae
753 2020 874 2104 aliquid
902 2020 936 2086 in
964 2039 997 2107 so
1030 2021 1159 2099 habent,
1195 2021 1291 2086 etiam
1328 2035 1331 2040 “

157 2143 353 2210 paganorum
387 2125 518 2192 forsitan
554 2128 724 2193 electorum
756 2130 850 2209 atque
882 2125 1071 2210 sapientium
1101 2125 1290 2192 testimoniis

160 2227 368 2294 delectentur.
403 2229 568 2312 probamus
591 2230 699 2314 igitur,
723 2248 761 2294 ne
786 2228 857 2296 illos
881 2229 1006 2312 quidem
1023 2230 1060 2294 de
1076 2228 1289 2294 incuriositate

122 2349 197 2396 noao
231 2331 429 2416 neglegentia
463 2332 526 2398 ista
559 2333 707 2410 sensisse,
744 2333 797 2413 qui
831 2350 922 2398 uerae
956 2331 1117 2416 religionis
1151 2333 1289 2414 expertes

160 2453 358 2517 nequaquam
393 2436 500 2518 utique
534 2435 626 2499 deum
659 2451 748 2500 nosse
783 2437 966 2518 potuerunt,
1002 2437 1075 2518 quia
1105 2434 1208 2517 legem
1236 2453 1290 2517 per

44 2623 47 2627 Ι
159 2555 256 2619 quam
290 2539 366 2604 deus
401 2538 580 2622 agnoscitur
617 2538 805 2604 nescierunt.
850 2539 1042 2623 Pythagorae
1077 2538 1320 2622 philosophum

158 2660 266 2724 quem.
285 2644 372 2725 quasi
401 2644 588 2728 magistrum
618 2661 710 2707 suum
740 2641 937 2725 philosophia
967 2642 1035 2725 ipsa
1065 2640 1220 2726 suspexit,
1252 2642 1290 2708 de

158 2747 331 2810 natureae
354 2745 511 2812 beneficiis
542 2746 592 2812 dei
623 2745 777 2816 disserens
808 2745 853 2812 sio
886 2746 1008 2811 locutus
1040 2745 1103 2810 est:
1136 2745 1289 2811 animus

5 2863 8 2926 j
120 2867 378 2929 1aperomues
402 2850 537 2934 mundi
560 2852 692 2934 partes
717 2866 938 2914 commeans
961 2849 1076 2931 atque
1099 2848 1287 2930 diffusus,

159 2969 206 3014 er
236 2969 304 3034 quo
335 2952 461 3018 omnia
492 2972 589 3036 quae
619 2956 844 3018 nascuntur
867 2951 1060 3018 animalia
1082 2952 1208 3018 uitam
1232 2970 1288 3018 ca·

157 3055 285 3136 piant.
324 3057 475 3138 quomodo
491 3059 587 3141 igitur
602 3059 755 3123 mundum
770 3057 935 3141 neglegere
952 3057 1028 3121 deus
1045 3056 1169 3136 dicitnr,
1194 3072 1286 3137 quern

157 3158 218 3223 hoo
241 3158 308 3241 ipso
330 3159 451 3225 scilicet
474 3161 551 3226 satis
574 3160 690 3244 diligit,
715 3163 796 3245 quod
819 3162 921 3243 ipsum
936 3178 969 3224 se
985 3179 1040 3243 per
1054 3161 1158 3225 totum
1178 3159 1287 3225 mundi

158 3280 271 3343 corpus
293 3262 450 3330 intendit?
472 3262 562 3328 Plato
587 3267 618 3328 et
633 3282 740 3330 omnes
756 3263 990 3328 Platonicorum
1004 3261 1127 3329 scholae
1143 3263 1317 3334 medere-3

104 3367 260 3432 ‚notorem
294 3384 397 3430 rerum
429 3365 567 3431 omniurn
599 3366 785 3432 confitentur
817 3367 920 3431 deum.
959 3365 1057 3431 Stoici
1081 3385 1152 3432 eum
1174 3367 1287 3450 guber-

100 3539 102 3546 ,
157 3468 278 3534 natoris
311 3471 378 3534 uice
412 3470 494 3535 intra
517 3471 548 3535 id
579 3472 658 3554 quod
692 3473 781 3554 regat
815 3488 935 3551 semper
965 3488 1090 3536 manere
1121 3472 1286 3534 testantur.
1341 3468 1344 3478 '

264 3654 296 3708 14
325 3654 358 3710 ci.
382 3655 435 3727 Cic.
460 3655 491 3709 de
516 3655 777 3725 nac.d.111‚ai;
806 3655 887 3710 uerba
910 3655 995 3712 citata
1017 3671 1073 3711 esse
1098 3673 1128 3711 ex
1150 3656 1287 3712 Lactantii
1349 3668 1370 3706 s

157 3739 247 3794 instit.
273 3739 455 3806 diu.15,17
479 3742 571 3796 docuit
594 3741 758 3796 Zsolrimmer
786 3741 944 3807 „Salvianus
968 3744 1024 3798 und
1042 3744 1113 3798 seins
1132 3743 1288 3798 Schriften“

152 3824 238 3880 Halle
257 3825 324 3880 1875
344 3842 369 3894 p.
388 3825 429 3881 62.

212 3997 357 4067 lIncipit
375 3997 442 4052 liber
464 3998 496 4052 ·I·
517 3999 545 4054 B
640 3999 842 4070 dncglaaornm
860 4001 968 4054 actuum
987 4001 1014 4054 A
1107 4000 1285 4055 Aideosaculo

157 4083 241 4138 bonos
260 4083 288 4136 A
384 4085 728 4142 srefellendamchriec.
748 4087 775 4140 A
879 4087 1059 4157 lpaganicae
1072 4108 1085 4140 a
1099 4087 1128 4140 in
1146 4102 1173 4140 se
1191 4085 1218 4138 A

156 4168 295 4224 adelecia
313 4171 340 4224 A
427 4171 460 4226 10
478 4173 654 4240 qmcxpcntes
671 4172 699 4226 A
793 4172 824 4226 12
843 4188 923 4243 agne*
941 4172 1059 4244 Pythag.
1076 4173 1103 4226 A
1192 4171 1288 4226 13.sn·

157 4257 245 4324 spexit
258 4279 298 4310 *a
311 4256 378 4312 ficiis
396 4258 423 4312 A
517 4259 550 4314 15
567 4262 656 4328 pentes
667 4281 721 4313 aere
733 4273 786 4327 quo
805 4259 832 4312 A
929 4259 961 4315 ll
979 4258 1109 4329 quomodo
1122 4279 1175 4312 use
1188 4260 1288 4314 dicitur·

114 4344 185 4397 .A
285 4343 317 4398 18
336 4360 363 4398 se
381 4345 436 4414 per]
457 4360 558 4414 semper
576 4345 603 4398 A
700 4347 788 4400 totum
800 4349 893 4404 meet
912 4362 1003 4401 omnes
1020 4346 1048 4399 A
1151 4347 1184 4402 19
1202 4346 1287 4403 soolac

156 4429 215 4483 AB
319 4431 353 4489 20
371 4431 632 4498 confitenturaaanis
650 4432 707 4488 uice
725 4433 752 4487 A

1200 4521 1376 4588 μ·
