3178 5100
441 518 443 522 .
538 437 577 492 ad
595 437 775 492 aoolosiam
799 438 829 492 11
850 441 865 502 ἓ
884 437 993 490 67-73.
1267 435 1330 504 267

198 630 309 696 onuota
343 630 466 712 penitus
494 644 549 708 spo
581 624 666 692 uitae
694 626 788 691 huius
816 626 939 692 ouuotis
969 626 1117 690 subsidiis
1150 625 1329 708 destitutus,

199 751 297 798 uuam
330 730 546 796 tautummodo
580 729 731 804 tabrdm,
765 729 817 794 eui
850 728 1010 794 inhaerere
1045 728 1148 794 adhue
1180 729 1268 811 quasi
1295 728 1330 793 in

190 835 303 918 ¹medio
337 836 416 900 mari
445 833 614 916 naufragus
648 832 756 914 possit,
792 833 919 898 amittat
948 849 1005 897 nee
1033 832 1161 897 amittat
1189 832 1330 897 tantum-

185 923 299 1017 modo,
322 939 378 1003 sed
399 936 519 1003 abioiat
539 940 635 1019 atque
657 955 676 1002 a
698 955 731 1000 so
752 936 877 1019 penitus
893 935 1039 1018 expellat,
1064 935 1209 1000 omnibus
1229 935 1331 1000 modis

174 1041 230 1108 rid
254 1041 432 1121 elaborans,
463 1041 597 1124 nequid
627 1040 687 1105 sibi
710 1041 837 1104 omuino
865 1039 1022 1122 reliquum
1045 1057 1110 1104 asse
1133 1037 1239 1117 faeiat,
1270 1056 1330 1122 qno

195 1146 355 1228 periturus
379 1147 514 1210 euadat?

239 1264 307 1331 XV.
339 1263 425 1345 Quae
446 1282 517 1329 oum
533 1264 580 1328 ita
595 1262 668 1341 sint,
691 1262 787 1328 dieite
805 1262 893 1345 mihi,
909 1280 1030 1346 quaeso,
1047 1279 1155 1326 omnes
1171 1258 1379 1328 Christumtl

194 1368 351 1445 amantes,
380 1366 408 1431 si
431 1385 496 1432 esse
519 1365 579 1431 ulli
601 1366 725 1430 omnino
748 1365 889 1430 homines
913 1372 979 1431 tam
1001 1364 1088 1432 saeui
1111 1384 1147 1430 ao
1167 1369 1235 1430 tam
1258 1385 1328 1431 oru-

195 1471 281 1535 deles
316 1471 482 1535 aduersum
515 1469 659 1534 inimicos
693 1487 765 1534 suos
798 1469 928 1552 possunt
962 1487 1057 1550 quam
1086 1473 1160 1534 suut
1188 1469 1243 1535 isti
1272 1471 1328 1534 ad-

159 1592 324 1640 reuersum
353 1573 408 1638 se?
441 1572 521 1637 nulli
552 1574 665 1655 quippe
696 1573 770 1636 sunt
799 1572 867 1636 tam
896 1571 956 1636 feri
980 1575 1047 1636 tam
1075 1573 1250 1651 inhumani,
1274 1575 1328 1656 qni

196 1694 256 1741 uon
278 1677 329 1742 nol
353 1679 530 1759 desperatos
552 1677 617 1741 iam
639 1678 732 1757 atque
754 1675 921 1740 morientes
945 1675 1140 1740 aduersarios
1163 1693 1236 1741 suos
1257 1695 1328 1760 per-

197 1780 283 1861 sequi
317 1779 477 1846 desinant:
516 1779 572 1844 isti
602 1799 633 1844 se
663 1779 745 1862 ipsos
780 1778 876 1844 otiam
903 1779 937 1844 in
960 1779 1060 1844 morte
1093 1779 1187 1860 positi
1221 1797 1328 1861 perse·

195 1882 345 1963 quantur.
380 1900 482 1947 annon
497 1885 545 1947 est
567 1882 627 1946 hoo
648 1881 822 1964 persecutio
846 1885 901 1948 aut
924 1899 990 1948 esse
1006 1880 1071 1946 alia
1093 1883 1192 1946 maior
1213 1883 1327 1965 potest,
1340 1881 1380 1946 72

195 1985 375 2050 exheredari
410 1985 570 2050 hominem
600 2005 620 2050 a
649 2003 682 2049 so
711 1986 788 2068 ipso,
822 1985 974 2050 extorrem
1005 1983 1159 2048 bonorum
1187 1987 1328 2050 omnium

160 2087 263 2154 rsfieri
285 2088 318 2151 et
339 2088 428 2171 quasi
451 2089 482 2152 in
506 2086 634 2152 exilium
657 2105 676 2152 a
699 2087 822 2170 seipso
853 2087 927 2170 agi?
958 2089 1054 2170 atque
1076 2087 1135 2153 hoo
1158 2107 1220 2154 non
1242 2106 1327 2153 oom-

195 2190 285 2255 muui
316 2195 477 2256 mereant
500 2190 616 2255 usitato
644 2192 698 2256 sed
721 2207 800 2254 nono
823 2193 855 2255 et
878 2190 1102 2270 crudelissimo,
1131 2191 1252 2256 soilioet
1274 2190 1328 2257 ubi

193 2293 227 2358 in
250 2293 379 2358 exilium
403 2293 509 2359 anima
530 2294 601 2376 ipsa
623 2291 763 2358 mittitur
784 2292 839 2357 nbi
855 2313 872 2357 e
888 2293 1095 2359 facultatibus
1111 2295 1175 2359 suis
1198 2294 1327 2376 spiritus

194 2396 365 2462 abdicatur.
397 2415 413 2461 o
437 2399 552 2480 quanto
577 2395 710 2461 leuiores
732 2400 807 2462 snut
830 2396 969 2462 extranei
983 2401 1015 2462 et
1032 2397 1173 2461 cannales
1188 2396 1327 2462 inimicit

192 2499 243 2564 illi
278 2502 360 2564 onim
395 2518 560 2583 oorporum
593 2504 718 2566 tantum
751 2500 856 2566 hostes
886 2500 970 2579 snut,
1005 2519 1061 2566 uos
1083 2504 1117 2566 et
1139 2501 1325 2566 animarum.

157 2602 262 2668 rolens
294 2606 340 2667 est
369 2603 476 2686 itaque
505 2604 540 2668 in
563 2603 782 2687 conparatione
804 2603 978 2670 facinorum
1001 2608 1176 2670 nestrorum
1200 2604 1378 2676 illornm73

193 2705 311 2771 odium.
349 2706 441 2771 faoile
472 2710 520 2772 est
551 2707 636 2772 euim
667 2707 818 2791 quidquid
841 2707 1054 2790 inpraesenti
1077 2707 1198 2772 saeculo
1221 2711 1325 2774 nouat:

192 2809 273 2874 iliud
296 2828 391 2893 graue
413 2809 494 2874 illud
515 2811 726 2892 pornieiosum
748 2813 807 2888 est,
835 2811 917 2893 quod
940 2811 974 2876 iu
995 2812 1180 2877 aeternitate
1202 2812 1328 2896 iugula·

192 2911 250 2977 bit.
286 2913 318 2976 et
339 2911 410 2977 ideo
427 2912 567 2977 saluator
590 2913 670 2994 ipse:
694 2913 837 2998 nolito,
859 2913 973 2997 inquit,
997 2932 1058 2980 eos
1080 2914 1239 2992 timere,
1263 2915 1327 2999 qni

191 3018 359 3097 possunt
389 3033 531 3098 eorpus
562 3015 757 3095 oooidere‚
789 3017 956 3082 animam
988 3021 1120 3082 antem
1149 3036 1222 3082 uon
1244 3037 1326 3101 pos·

153 3122 293 3182 meunt.
322 3118 424 3183 'faoile
454 3122 502 3184 est
532 3137 607 3203 ergo
636 3118 753 3196 odium,
787 3120 868 3202 quod
891 3137 1000 3201 corpus
1023 3118 1123 3186 laedit
1144 3138 1205 3184 uon
1228 3119 1326 3186 laedit

192 3221 342 3306 animam,
369 3221 443 3303 qnia
466 3222 548 3286 laeso
572 3239 697 3305 eorpore
720 3224 825 3287 anima
847 3225 935 3288 extra
958 3222 1108 3288 damnum
1130 3225 1179 3288 est
1202 3224 1233 3288 et
1253 3240 1325 3306 pas·

191 3323 332 3391 sionibus
357 3327 499 3390 earnium
526 3326 687 3392 beatitudo
710 3326 881 3408 spirituum
904 3345 966 3391 nou
987 3326 1204 3408 interpolatur.
1244 3326 1326 3392 illud

294 3511 329 3566 23
348 3511 447 3566 Matth.
468 3513 509 3580 10,
528 3513 562 3567 28

245 3682 258 3734 l
279 3680 424 3734 distitutae
442 3682 471 3734 A
488 3687 515 3736 et
532 3697 566 3735 m.
585 3686 601 3735 1
619 3679 647 3735 B
749 3683 767 3736 3
785 3681 931 3752 naufragus
948 3684 1050 3753 possita
1069 3685 1162 3738 mittat
1181 3699 1250 3739 erue.
1268 3700 1281 3737 s
1300 3689 1325 3740 ot

189 3766 278 3822 arsa.
296 3766 374 3821 eoois
390 3767 493 3835 possita
511 3772 537 3822 et
554 3766 619 3824 odd.
637 3783 653 3822 a
670 3773 734 3823 arde
751 3770 847 3823 mittat
863 3770 892 3823 A
994 3770 1009 3823 7
1028 3785 1097 3840 quae
1115 3786 1175 3824 oum
1194 3785 1227 3824 ea
1245 3785 1324 3838 quaa·

189 3866 279 3922 oumqr
302 3865 373 3906 oorr.
397 3868 431 3906 m.
455 3854 475 3905 2
498 3852 526 3906 A
631 3853 664 3908 14
688 3853 845 3908 exheredare
868 3853 896 3908 B
999 3855 1032 3910 16
1052 3861 1116 3924 post
1141 3854 1323 3910 orudelissimo

189 3938 257 3995 add.
270 3954 301 4007 p.
323 3943 350 3992 et
362 3937 424 3994 edd.
437 3944 503 3994 arata
514 3939 676 3994 Halmium:
694 3956 784 3995 omues
802 3941 873 3994 onim
892 3941 989 4008 exules,
1007 3942 1058 3996 atsi
1076 3940 1231 4011 oorporibus
1250 3941 1323 3996 able-

188 4025 302 4094 gantur,
320 4024 419 4079 animis
437 4040 490 4079 non
508 4025 698 4081 eliminentur:
717 4029 745 4080 et
761 4027 786 4080 si
801 4042 879 4081 oarue
891 4028 992 4096 captiui
1005 4031 1078 4096 suut,
1096 4026 1220 4082 cordibus
1232 4030 1322 4081 tamen

187 4109 213 4164 si
237 4110 337 4164 nolunt
359 4109 438 4164 liberi
461 4115 640 4181 peruenerant.
672 4114 728 4167 Hoo
750 4115 841 4168 autem
864 4115 934 4169 uude
957 4131 1030 4169 nuno
1051 4115 1195 4185 loquimur,
1221 4130 1322 4169 nonum

188 4194 262 4250 exilii
282 4210 367 4264 genus
385 4199 466 4267 atque
483 4199 648 4254 tormentum
665 4201 714 4255 ost
744 4199 871 4254 Ceteram
889 4200 923 4255 de
936 4201 1130 4256 additamentis
1147 4201 1215 4270 inp
1234 4201 1323 4256 more

188 4282 244 4348 cfr.
263 4279 411 4336 Sita-Ber.
425 4297 457 4350 p.
476 4285 513 4337 33
611 4282 656 4338 ubi
673 4300 729 4339 rae.
746 4291 813 4340 mat.
832 4287 864 4340 ia
881 4286 920 4340 ibi
939 4288 965 4340 A
1062 4287 1097 4340 23
1114 4286 1208 4355 inquid
1226 4286 1254 4340 B

187 4366 381 4435 aerodianos
400 4367 514 4422 leditA
618 4369 651 4424 27
670 4376 728 4439 spui
745 4387 766 4426 s.
786 4387 837 4426 sor.
855 4389 874 4426 n
891 4373 918 4425 B
