3172 5098
266 475 330 542 282
753 474 910 528 Saluiani

267 665 339 729 dere
363 663 482 747 aliquid
505 683 560 748 per
582 683 637 728 nos
660 666 770 746 potest,
794 681 923 747 qnorum
949 665 1044 728 honor
1058 683 1114 745 per
1129 666 1287 730 auctorem
1304 666 1398 730 deum

214 765 254 830 41
268 785 391 850 semper
415 768 552 850 aequalis
576 767 631 832 est.
670 767 724 830 sed
748 770 855 831 tamen
878 766 906 830 si
930 766 1071 832 adiuuari
1087 786 1120 832 se
1136 767 1233 834 etiam
1248 767 1398 849 exemplis

267 869 430 935 hominum
453 871 588 936 humana
610 869 897 953 optatinflrmitas,
927 871 1048 936 scilicet
1071 889 1130 953 quo
1154 871 1278 937 facilius
1302 873 1398 936 etiam

266 973 338 1054 ipsa
359 992 442 1040 nunc
463 973 563 1040 iaciat
586 993 665 1057 quae
687 973 764 1039 alios
787 973 895 1039 iecisse
915 978 987 1040 anta
1002 978 1181 1058 cognoscat,
1203 975 1398 1040 ostendimus

267 1079 368 1160 primo
392 1077 474 1142 libro
496 1078 582 1158 haec,
608 1097 686 1161 quae
704 1079 798 1143 eiiam
815 1096 897 1143 nuno
913 1073 952 1145 ab
967 1080 1139 1162 aliquantis
1156 1077 1274 1144 Christi
1290 1078 1398 1144 imita·
1422 1105 1438 1144 a

267 1180 389 1247 toribus
412 1181 503 1260 fiunt,
527 1201 588 1246 non
612 1181 809 1248 mediocriter
832 1177 886 1248 sed
910 1181 1114 1267 abundanter,
1138 1201 1226 1248 neca
1248 1181 1399 1265 paucissi-

266 1287 326 1350 mis
349 1285 403 1350 scd
426 1304 444 1350 a
467 1287 599 1370 populis,
634 1305 690 1352 neo
720 1289 758 1352 ab
789 1287 1017 1370 antiquissimis
1048 1287 1102 1352 sed
1131 1305 1229 1369 paene
1252 1305 1270 1351 a
1292 1305 1401 1351 recen-2

267 1389 397 1456 tissimis
420 1407 520 1472 nuper
543 1408 607 1454 esse
631 1391 784 1471 conpleta.
825 1389 899 1473 qnid
929 1393 1011 1457 enim
1034 1391 1107 1456 noni
1131 1394 1162 1456 et
1185 1393 1284 1457 adhuc
1306 1405 1401 1472 propo
1478 1387 1480 1390 ’

267 1495 300 1557 in
322 1492 419 1558 oculis
442 1492 606 1558 constituti
630 1494 840 1575 apostolorum
864 1498 951 1560 actus
975 1494 1164 1575 loquuntur?
1193 1511 1321 1587 omnes
1345 1495 1400 1559 in-

268 1615 378 1678 quam
400 1599 464 1678 qni
486 1596 719 1673 credebant,
744 1596 942 1664 habebant
963 1599 1139 1663 in'unnm
1156 1601 1285 1662 omnia
1302 1615 1441 1664 com-ro

267 1701 407 1765 munia.
424 1701 469 1765 et
493 1701 625 1767 iterum:
650 1701 955 1786 gratiaquoque
978 1719 1116 1784 magna
1139 1703 1285 1766 eratin
1309 1700 1400 1767 iliis

268 1803 462 1886 omnibus3
486 1823 554 1870 neo
576 1805 678 1870 enim
701 1804 906 1887 quisquam
931 1806 1146 1888 egenserat
1168 1792 1400 1870 interillos.

268 1909 503 1990 quicumque
540 1908 639 1974 anim
676 1901 925 1991 possessores
963 1910 1218 1991 praediorum
1257 1925 1298 1972 ac
1334 1908 1401 1971 do·

267 2027 414 2076 morum
443 2017 572 2092 erant,
607 2013 826 2077 uendentes
850 2011 1090 2077 adferebant
1112 2012 1243 2094 pretia
1265 2009 1402 2075 uendi·

268 2118 399 2179 torum,
428 2117 468 2180 et
499 2115 697 2198 ponebant
733 2119 823 2181 ante
856 2115 971 2197 pedes
1006 2116 1288 2197 apostolorum.
1324 2113 1441 2186 alibim

266 2234 403 2300 quoquo:
438 2223 610 2293 et2nemo
639 2239 746 2284 exeo
769 2223 869 2303 quod
902 2219 1136 2302 possidebat
1170 2237 1282 2284 suum
1315 2234 1402 2299 pro·

214 2323 397 2406 42pr-ium
430 2342 513 2389 esse
547 2325 714 2393 dicabat.
754 2329 847 2407 atque
881 2325 942 2390 hoo
970 2343 1033 2388 non
1058 2325 1177 2405 paruus
1207 2322 1402 2388 credentium

268 2445 425 2506 numerus,
445 2447 484 2492 na
499 2445 590 2510 quem
607 2428 739 2494 forsitan
754 2429 860 2494 minus
875 2429 1064 2511 scriptorum
1079 2427 1249 2492 auotoritas
1264 2429 1401 2503 moueat,

268 2531 343 2595 dum
366 2534 481 2614 putant
503 2531 645 2614 exempla
667 2550 733 2598 esse
756 2549 934 2614 paucorum.
967 2537 1046 2614 quae
1069 2530 1165 2596 fuerit
1188 2529 1302 2612 quippe
1324 2531 1402 2594 tuno

266 2634 438 2700 multitudo
459 2635 610 2700 eeclesiae
633 2635 818 2718 principalis
841 2634 893 2700 uei
916 2651 951 2700 er
974 2635 1031 2698 hoc
1053 2634 1120 2700 solo
1139 2633 1265 2716 agnosci
1286 2632 1442 2714 potesta

268 2737 349 2818 qaod
373 2738 403 2802 in
434 2737 597 2819 principiis
615 2739 742 2806 *statim
774 2738 852 2819 ipsis
886 2737 959 2803 coto
988 2737 1151 2802 hominum
1185 2736 1274 2801 milia
1307 2735 1402 2800 biduo

269 2840 414 2906 ecclesiae
446 2841 612 2912 accessisse
632 2841 835 2925 referuntur,
867 2828 1036 2923 'pateatque
1068 2839 1292 2922 aestimationi,
1324 2857 1403 2921 quae

268 2943 378 3008 ceteris
401 2943 511 3009 diebus
533 2943 671 3010 uniuersi
694 2946 816 3027 generis
839 2945 1010 3011 multitudo
1034 2945 1234 3028 concrederit,
1264 2944 1320 3010 ubi
1342 2945 1402 3008 duo

268 3047 486 3112 tantummodo
516 3048 582 3113 dies
613 3050 734 3133 praeter
757 3050 914 3130 disparem
936 3049 1073 3114 aetatem
1095 3035 1213 3130 pariter
1235 3065 1271 3113 ac
1293 3065 1402 3112 saxum

215 3147 389 3222 43tantam
420 3153 560 3217 uirorum
591 3153 713 3236 copiam
743 3152 955 3237 procrearunt.
994 3153 1075 3218 unde
1106 3151 1232 3218 cumei
1262 3153 1329 3217 tam
1353 3153 1439 3218 in-as

269 3254 473 3346 numerabilis
503 3255 568 3320 iam
599 3254 729 3323 tuaest
753 3257 819 3318 tam
841 3238 982 3336 perfecta
1001 3257 1091 3340 plebs
1114 3256 1217 3338 fuerit,
1249 3271 1361 3337 quaero
1385 3271 1404 3332 a

268 3357 381 3438 uobis„
393 3377 463 3426 cnm
487 3361 599 3442 quibus
622 3359 740 3443 loquor,
765 3359 870 3427 cuncti
884 3360 1037 3440 parentes,
1061 3357 1173 3426 inillis
1190 3360 1238 3426 tot
1253 3376 1290 3424 ac
1304 3357 1402 3423 tantis

268 3462 347 3526 tuno
376 3463 568 3528 credentium
598 3463 737 3541 milibus,
773 3465 863 3529 tanta
891 3463 975 3528 'fidei‘
997 3461 1405 3544 perfectione''rrinentibos⁴

363 3685 388 3782 a
405 3646 453 3740 rra
466 3685 497 3741 11
511 3685 543 3740 ra
588 3677 590 3692 ’
618 3685 797 3751 credam
829 3761 830 3764 Ν
862 3641 903 3741 ’11
923 3687 1068 3752 aarum
1096 3765 1099 3772 ⁴
1143 3687 1176 3740 nc
1195 3687 1254 3741 nei.
1265 3685 1291 3753 4,
1304 3684 1338 3739 aa

320 3893 337 3948 3
359 3893 499 3948 hominum
522 3893 604 3950 ctiam
617 3893 749 3961 memphi
772 3893 800 3948 B
903 3893 919 3946 5
946 3893 1032 3961 primo
1058 3891 1140 3962 libro]
1167 3891 1259 3946 ‘imaro
1286 3891 1401 3946 secundo

268 3979 337 4035 libro
356 3985 388 4038 at
405 3981 490 4049 accipe
508 3979 623 4048 decimor,-
635 4030 639 4037 ,
651 3980 795 4037 adommin
809 3984 849 4034 aet
871 3977 1052 4046 scriptoriam
1079 3976 1115 4032 eit
1141 3977 1243 4032 attium
1260 3993 1299 4030 oa
1317 3977 1402 4031 riom-

268 4065 383 4122 ricrom'
401 4065 550 4142 Halmium
564 4065 676 4130 cfafl
689 4069 722 4120 13
754 4105 756 4114 a
826 4063 1120 4120 coenomanorum
1226 4063 1258 4117 12
1276 4063 1401 4132 qnisqie.

268 4167 319 4209 aar.
342 4155 415 4206 Μ
441 4157 477 4206 ua
504 4153 540 4208 a
577 4192 579 4201 i
612 4189 623 4201 η.
637 4151 670 4206 14
696 4151 844 4206 afferebant
872 4166 906 4206 aa
932 4149 1090 4206 adferebant
1115 4157 1187 4204 ¹coir.
1209 4153 1281 4204 aaa
1304 4149 1334 4203 B

268 4240 373 4304 praetia
391 4239 420 4297 Α
512 4239 552 4298 ,18
570 4237 695 4296 forsitam
712 4237 740 4290 B
766 4236 861 4294 forsita
878 4251 899 4292 e.
915 4245 970 4292 eor.
989 4239 1060 4290 msa
1077 4252 1095 4289 n
1113 4235 1141 4288 A
1239 4235 1274 4290 20
1291 4235 1403 4304 eclesiae

271 4323 333 4396 poio)
351 4325 378 4378 A
392 4325 479 4390 pacto
493 4329 557 4392 post
574 4323 686 4384 eclesiae
702 4329 731 4378 'ct
745 4328 772 4386 §-
789 4327 825 4379 43
841 4323 967 4378 aeclesiae
1039 4322 1106 4378 γ25
1126 4339 1187 4377 cnm
1205 4323 1288 4377 etiem
1303 4321 1334 4376 B
1382 4327 1384 4332 ’

269 4408 303 4462 27
323 4409 394 4462 locor
410 4415 442 4463 ct
460 4415 484 4472 §.
504 4413 538 4462 41
555 4409 679 4464 locuntur
697 4409 713 4463 b
730 4408 804 4478 qaod
819 4410 1038 4476 manumittere
1055 4409 1135 4464 motai
1352 4433 1355 4439 ¹
