3178 5100
792 465 949 520 Saluiani

640 695 643 698 ’
711 722 941 807 anienem
974 722 1020 808 Π.

544 913 736 981 Eucherio
758 913 948 998 Episcopo
972 912 1187 978 Saluianus.

347 1033 510 1098 V'rsioinus
534 1035 678 1100 alumnus
701 1038 774 1100 tuus
795 1033 1017 1100 salutationem
1040 1037 1127 1098 tuam
1157 1033 1295 1118 proxime
1317 1035 1357 1100 ad
1379 1053 1431 1099 me

304 1137 433 1202 detulit:
467 1136 495 1201 si
523 1155 583 1202 non
612 1139 724 1221 iussus,
759 1139 851 1206 laudo
879 1137 1075 1220 sapientiam,
1109 1138 1184 1202 lieet
1212 1156 1273 1202 non
1304 1137 1432 1221 probem

303 1239 485 1317 falsitatem,
520 1242 547 1304 si
575 1241 689 1325 iussos,
722 1241 817 1305 miror
851 1243 931 1324 quod
962 1241 1110 1308 mandere
1143 1241 1259 1306 amoris
1292 1240 1467 1306 ot‘iioiume

304 1361 399 1426 quam
421 1342 554 1408 seribere
576 1343 728 1422 maluisti,
750 1345 810 1408 hoo
832 1347 888 1426 est,
911 1363 966 1428 per
988 1361 1112 1408 seruum
1133 1345 1237 1426 potius
1260 1361 1352 1426 quam
1375 1360 1432 1426 per

303 1449 335 1511 te
358 1445 440 1510 dare.
476 1463 571 1528 arguo
594 1444 699 1530 itaque
722 1446 781 1512 hoe
804 1449 836 1512 et
858 1446 1015 1512 emendari
1037 1447 1119 1528 uolo,
1142 1447 1169 1512 ei
1192 1448 1299 1512 tamon
1320 1447 1430 1532 negle-

304 1549 429 1632 gentiae
457 1549 591 1614 estnon
619 1549 788 1632 superbiae.
822 1549 1005 1634 pedissequa
1033 1549 1117 1614 enim
1145 1551 1327 1632 plerumque
1356 1549 1431 1614 noui

305 1651 428 1716 honoris
455 1653 503 1717 est
533 1653 730 1738 adrogantia,
760 1653 834 1719 lioet
863 1657 894 1720 in
917 1656 949 1719 te
976 1671 1033 1718 neo
1059 1653 1212 1736 generalia
1234 1654 1305 1719 uitii
1327 1653 1430 1736 opinio
1567 1711 1568 1740 ζ

304 1756 498 1821 admittenda
527 1757 581 1836 sit,
610 1757 683 1839 quia
704 1774 797 1841 prope
820 1757 988 1840 singularis
1012 1761 1060 1822 ast
1083 1775 1171 1822 mans
1193 1775 1230 1822 ao
1252 1756 1431 1840 benignitas
1442 1781 1469 1821 ιο

301 1863 368 1924 tua.
403 1860 484 1924 unde
506 1861 683 1941 responderi
706 1880 725 1926 a
748 1862 779 1925 te
803 1860 949 1944 antiquae
978 1860 1201 1926 existimationi
1224 1878 1310 1948 meae
1334 1861 1432 1926 etiam
1567 1881 1568 1888 ¹

304 1979 388 2026 nuno
421 1961 536 2044 iugiter
569 1961 668 2046 cupio,
701 1982 750 2046 ne,
785 1964 867 2029 siin
890 1965 1075 2046 quibusdam
1104 1963 1278 2028 officiorum
1305 1965 1432 2028 tuorum

304 2083 372 2132 mos
396 2065 587 2148 discreparit,
614 2065 733 2148 aliquid
753 2067 786 2132 in
799 2067 830 2131 te
846 2067 936 2132 nonis
952 2067 1118 2132 honoribus
1134 2065 1259 2130 liouisse
1274 2066 1431 2132 uideatur.

704 2355 933 2455 EPISQOLA
965 2355 1029 2439 IH.

552 2559 725 2642 Agryoio
755 2561 936 2644 episeopo
960 2558 1182 2624 Saluianus.
1444 2595 1469 2636 15

349 2679 380 2745 Si
404 2698 548 2745 exousare
569 2680 835 2748 inofliciositatem
857 2703 960 2749 meam
983 2683 1065 2765 apud
1081 2682 1320 2748 sanctimoniam
1344 2687 1435 2750 tuam

305 2786 437 2866 cupiam,
470 2784 573 2870 magis
603 2786 795 2852 aeousandue
825 2789 892 2868 sim,
926 2788 980 2869 qui
1009 2787 1253 2870 inexoueabilepn
1283 2806 1334 2852 me
1364 2806 1434 2854 esse

305 2887 357 2952 uel
379 2906 439 2953 non
473 2875 639 2972 agnoscam
670 2908 744 2972 prae
778 2891 950 2955 stoliditate
980 2891 1032 2955 uel
1055 2881 1155 2954 nolim
1186 2909 1260 2974 prae
1288 2893 1435 2972 superbia

306 2989 454 3056 confiteri.
492 3010 555 3056 non
578 3010 687 3058 exouso
710 3011 797 3076 ergo;
822 2995 1026 3075 augmentum
1042 2992 1126 3058 enim
1143 2997 1247 3058 reatus
1271 3003 1318 3059 est
1340 2994 1434 3060 inno·

306 3094 438 3158 centiam
472 3095 591 3160 iaetare
623 3100 694 3180 poet
729 3098 863 3178 eulpam.
902 3097 975 3178 quit
1010 3097 1106 3178 igitur
1137 3096 1260 3178 faeiem,
1295 3098 1346 3162 oui
1377 3118 1470 3164 neoto

305 3198 439 3280 negandi
474 3198 581 3263 delicti
614 3200 749 3265 faoultas
784 3201 923 3282 suppet't
950 3219 1006 3264 neo
1034 3199 1163 3264 tuendi?
1201 3219 1313 3282 negare
1348 3203 1435 3268 enim

304 3301 473 3366 manifesta
495 3320 556 3368 non
578 3302 675 3369 audeo
699 3307 731 3369 et
754 3320 897 3368 excusare
919 3302 1077 3368 inmodica
1099 3321 1158 3367 non
1182 3321 1318 3386 possum.
1357 3323 1434 3370 oon-

305 3404 489 3488 fugiendum
517 3405 598 3472 mihi
625 3407 729 3489 itaque
750 3409 790 3472 ad
813 3392 991 3470 diuinarum
1014 3406 1063 3470 est
1084 3406 1221 3471 remedia
1243 3407 1433 3486 litterarum,

306 3525 385 3590 qnae
407 3508 615 3573 maximorum
639 3509 805 3573 eriminum
821 3541 837 3572 s
851 3541 867 3572 e
882 3542 898 3573 s

356 3796 564 3852 2Eutheri00
646 3797 806 3851 tineaene.
825 3813 910 3852 aeos.
930 3797 1068 3853 ΜΗΘ
1154 3799 1366 3857 tmalluistiG

304 3885 319 3938 t
339 3883 473 3938 emendari
490 3883 637 3937 Butozo'oe:
663 3883 800 3937 emendare
821 3883 845 3939 0
928 3883 1174 3954 negglegentian
1258 3888 1275 3942 8
1293 3889 1436 3957 superbiae

303 3970 351 4025 eod
374 3987 389 4024 o
411 3969 458 4039 fin.
482 3970 585 4024 lineola
607 3975 767 4024 transuerso
789 3969 840 4023 otei.
873 3971 895 4026 Ο
997 3970 1135 4039 pedinseoa
1165 3973 1188 4028 Ο
1291 3975 1321 4028 11
1349 3976 1435 4046 meae]

303 4058 427 4126 sequitur
452 4057 485 4110 io
515 4057 538 4112 0
571 4071 708 4109 commune
733 4056 833 4124 pignus
860 4058 937 4124 optet.
960 4055 1030 4122 Η.
1047 4061 1083 4112 17
1108 4075 1194 4128 usque
1219 4059 1256 4114 ad
1281 4061 1363 4128 (taem

304 4145 432 4197 etiam-
445 4141 579 4212 uideatur]
614 4141 679 4196 taso
713 4141 842 4212 teporatur
870 4143 901 4195 in
934 4142 957 4197 0
986 4149 1050 4210 poso
1078 4145 1255 4200 maximorum
1289 4147 1435 4201 eriminum

305 4232 383 4298 epist.
401 4230 459 4284 111
470 4229 518 4296 fio.
607 4229 640 4283 12
657 4243 690 4282 ne
707 4228 730 4282 si
748 4227 893 4282 Pithoeus:
911 4228 964 4282 nisi
987 4229 1009 4285 0
1094 4232 1128 4286 13
1145 4232 1302 4302 disoreparit
1319 4235 1436 4302 scripsi:

304 4316 480 4385 discreparuit
502 4316 592 4371 caet.
610 4332 624 4368 r
641 4319 705 4370 m.1
732 4312 892 4383 discrepauit
911 4331 972 4371 com
990 4317 1048 4372 edd.
1069 4317 1200 4374 Halmius
1298 4319 1436 4375 uideatur.

305 4402 376 4456 finit.
394 4403 460 4455 item
477 4403 512 4490 ai:
531 4408 557 4457 et
574 4402 698 4471 sepositos
716 4401 793 4469 epist.
815 4401 904 4456 Vlia
922 4401 945 4456 0
1046 4405 1079 4458 14
1097 4404 1158 4459 IIII
1175 4406 1206 4459 io
1223 4421 1275 4475 my.
1297 4405 1320 4460 0
