3172 5098
598 1235 813 1335 LIBER
855 1233 930 1334 ΠΙ.

243 1517 269 1584 Ι.
299 1516 428 1582 Duobus
450 1514 662 1597 superioribus
692 1515 781 1581 libris
805 1533 877 1581 oum
899 1515 1021 1582 duabus
1044 1513 1181 1582 filiorum
1204 1519 1358 1590 tuoruml

179 1622 350 1704 partibus,
373 1619 407 1684 id
430 1622 487 1694 est,
509 1637 572 1684 una
594 1618 703 1687 mundi
726 1619 875 1686 amatrice
899 1618 961 1684 alia
982 1619 1140 1701 religionis
1161 1619 1331 1703 imaginem

200 1725 403 1807 praeferente,
427 1741 444 1788 o
466 1721 594 1788 domina
615 1721 660 1789 mi
681 1723 812 1788 emissis
834 1722 894 1804 uei,
925 1721 1016 1804 quasi
1037 1723 1208 1805 seperatim
1231 1723 1332 1790 locuti

179 1845 317 1894 ssumrrs.
354 1827 389 1892 in
417 1825 476 1892 hoc
500 1829 622 1909 autem,
653 1826 681 1892 si
712 1827 786 1892 dous
816 1826 938 1905 adami,
967 1828 1007 1895 ud
1033 1826 1207 1910 utramque,
1238 1829 1332 1909 prout

199 1949 294 1998 causa
327 1947 363 1998 ac
395 1929 475 1994 ratio
509 1931 747 2012 postulauerint,
781 1929 867 2012 loqui
901 1929 1052 2014 cupimus,
1088 1947 1171 1996 nunc
1203 1930 1332 2000 diuisim

200 2035 387 2101 alterutram
417 2052 500 2100 nrmc
530 2035 638 2101 ambas
668 2034 787 2115 pariter
816 2035 1028 2116 coloquentes.
1067 2037 1210 2117 superest
1232 2037 1269 2100 ut
1291 2035 1330 2101 ab

197 2139 332 2220 unaque
355 2156 462 2204 earum
485 2139 671 2223 agnoscente
692 2139 726 2204 in
748 2138 894 2206 lectionis
918 2141 997 2204 serie
1020 2139 1124 2221 partes
1143 2155 1217 2207 suas
1240 2139 1332 2222 quid·

200 2241 275 2324 quid
293 2258 351 2324 ‘pro
373 2240 487 2307 affectu
510 2242 559 2309 dei
580 2260 599 2306 a
621 2239 711 2308 nobis
735 2241 851 2308 dicitur
870 2259 942 2309 cum
957 2241 1136 2309 affectuosi
1150 2242 1329 2324 recipietur.

163 2369 191 2410 ιο
199 2345 299 2430 igitur
327 2344 410 2428 xquia
447 2343 481 2410 in
517 2344 648 2423 cunctis,
686 2362 766 2427 quae
803 2347 866 2410 iam
903 2345 1004 2409 locuti
1041 2363 1157 2418 sumus,
1196 2346 1376 2428 speciale2¹

200 2447 447 2516 Christianorum
481 2447 622 2514 omnium
654 2447 773 2518 honum
809 2447 1056 2514 misericerdiam
1086 2465 1122 2514 ao
1150 2448 1332 2531 largitatem

200 2571 267 2618 esse
298 2552 552 2633 memoramus,
584 2552 810 2634 praecipuaque
836 2552 868 2618 in
891 2553 936 2620 eis
959 2555 991 2618 et
1015 2553 1129 2618 merita
1151 2556 1331 2620 sanctorum

200 2659 232 2722 ot
253 2657 451 2736 peccatorum
478 2655 617 2721 remedia
646 2657 798 2722 contineri
825 2655 955 2734 idoneis,
987 2657 1126 2734 utrem,
1160 2673 1198 2720 as
1219 2656 1331 2724 multis

199 2759 333 2825 testibus
358 2757 609 2840 adprobauimus‚
633 2777 695 2824 non
717 2757 827 2839 opinor
849 2777 868 2824 a
887 2777 1041 2840 qucquam
1057 2757 1148 2841 plura
1163 2759 1331 2842 expectari,

164 2860 334 2930 remarime
358 2881 439 2939 eum,
463 2860 491 2925 si
514 2862 582 2944 quis
605 2862 735 2944 cupidus
758 2867 805 2933 est
827 2862 975 2943 plurium,
1005 2863 1089 2944 ipsos
1111 2862 1198 2928 adire
1221 2862 1332 2928 debeat

83 3037 85 3047 ,
201 2966 295 3032 libros
325 2965 385 3048 dei,
416 2966 468 3048 qui
495 2965 540 3028 ita
562 2963 672 3030 multis
695 2982 731 3029 ac
752 2964 874 3047 magnis
896 2964 1032 3030 testibus
1064 2965 1148 3046 pleni
1180 2969 1266 3048 sunt,
1297 2967 1333 3032 ut

199 3069 418 3136 umuersarum
435 3067 618 3132 caelestium
635 3067 813 3132 litterarum
828 3085 925 3148 paene
937 3086 1034 3131 unum
1047 3068 1090 3132 sit
1107 3067 1330 3132 testimonium.

201 3174 342 3256 superest
370 3161 536 3238 aduersum
565 3189 615 3235 sas
646 3171 883 3253 responsionum
905 3171 1080 3236 infidelium
1103 3189 1221 3250 causas,
1253 3181 1363 3254 quae3

200 3294 219 3342 a
252 3275 439 3358 quibusdam
477 3273 655 3338 mortiferae
692 3273 898 3340 excusationis
935 3273 1040 3358 gratia
1080 3275 1193 3356 opponi
1231 3275 1333 3340 solent

161 3379 361 3462 soquippiam
398 3377 510 3442 dicere.
558 3376 687 3461 loquens
725 3379 863 3442 saluator
899 3377 934 3442 in
971 3377 1133 3462 euangelio
1168 3379 1334 3463 propterea

201 3480 391 3548 commodari
424 3479 600 3546 hominibus
629 3496 702 3562 opes
732 3479 896 3546 adomino
925 3498 960 3546 ao
988 3482 1154 3566 pecuniam
1184 3481 1273 3556 dicit,
1296 3486 1333 3548 ut

93 3633 98 3638 ,
201 3604 273 3652 cum
302 3583 404 3650 usuris
432 3582 661 3666 multiplicibus
693 3585 890 3650 commodata
919 3583 1098 3664 reddantur,
1129 3585 1233 3650 dicens
1256 3603 1332 3650 aua-

187 3689 325 3756 rissimo
358 3687 503 3754 debitori:
538 3705 653 3754 serue
685 3687 785 3752 male
813 3705 854 3754 ao
885 3687 1015 3772 piger,
1050 3687 1205 3754 sciebas
1233 3689 1333 3772 quod

201 3810 271 3874 ego
305 3775 429 3872 meto,
463 3791 530 3856 ubi
563 3809 639 3856 non
667 3788 833 3872 semino,
868 3790 906 3854 ot
928 3807 1140 3873 congrego,
1163 3790 1234 3855 nbi
1256 3809 1332 3858 non

302 3961 337 4016 23
358 3961 454 4016 naath.
472 3961 515 4028 25,
533 3961 567 4016 26

252 4119 383 4172 eeclesia
401 4119 429 4172 A
532 4117 549 4171 5
571 4119 672 4170 annuet
689 4117 894 4173 Re'lleralruae'us
921 4117 1046 4172 annuerit
1064 4115 1106 4172 ed.
1125 4117 1263 4171 Betucius

201 4206 234 4260 11
262 4205 393 4258 bonorum
419 4203 447 4258 B
552 4203 584 4258 16
611 4203 702 4271 quista
729 4219 765 4258 ere
790 4203 900 4272 quiite
923 4207 1082 4259 scomma
1105 4203 1132 4256 A
1158 4203 1268 4272 quiite
1291 4203 1332 4258 B:

200 4291 249 4360 qui
265 4293 323 4344 tam
342 4306 403 4346 caua
422 4287 483 4345 edd.
501 4289 643 4354 Halanos)
748 4291 781 4344 18
808 4305 927 4359 causasq3
954 4292 986 4344 ia
1013 4289 1061 4356 fior.
1085 4289 1133 4342 lieu
1160 4303 1229 4343 erus.
1254 4305 1280 4358 q3
1308 4295 1333 4345 et

199 4376 282 4430 earu
298 4392 350 4445 sep.
369 4376 418 4430 liu.
437 4375 503 4430 adu.
520 4377 587 4430 me
604 4391 657 4444 que
674 4375 700 4428 A
719 4376 793 4445 (erpo
812 4391 880 4445 quae
897 4391 954 4430 acu
972 4391 1029 4441 om„
1048 4379 1081 4430 at
1098 4374 1227 4430 Halmius
1245 4375 1334 4444 urim),

201 4478 308 4518 caueam
326 4478 393 4532 quae
410 4463 439 4516 B
541 4461 575 4515 22
593 4462 749 4516 amrissime
767 4459 811 4516 illi
831 4477 861 4516 ac
879 4461 1077 4530 nequissimop
