3172 5098
263 491 327 564 294
752 487 909 544 Ssluisni

212 677 253 744 tn
305 679 410 754 XVII.
442 678 502 747 Sed
525 678 664 747 forsitan
677 677 746 756 tibi,
768 678 958 760 quicumque
973 676 1060 747 diues
1078 697 1121 758 es,
1145 679 1315 763 indignum
1337 679 1396 752 hoo

263 782 467 850 facultatibus
500 783 564 851 ture
598 801 673 865 3333
706 780 964 864 pauperculorum
991 800 1057 850 sese
1085 784 1228 854 31133133
1256 784 1288 846 31
1313 782 1394 850 33113

264 887 401 968 3113333]
435 887 475 954 31
508 889 541 956 13
573 885 774 970 penulisriter
810 886 1018 967 pertinentem
1055 885 1254 968 sponsionem
1287 875 1402 958 333133

264 989 477 1070 promissionis
509 987 627 1065 331133.
664 987 761 1058 habes
795 991 932 1072 primum
961 988 1053 1068 illud,
1088 990 1170 1072 quod
1192 989 1231 1054 sd
1262 988 1394 1060 diuitem

263 1091 354 1158 illum
387 1091 421 1157 in
455 1090 625 1176 euangelio
652 1093 730 1159 dens
766 1093 918 1176 loquitur:
954 1095 1070 1172 3313,
1105 1092 1227 1165 tende
1262 1091 1434 1159 3313133

263 1193 365 1274 bons
397 1199 478 1274 133,
514 1197 553 1261 31
585 1195 752 1263 habebis
786 1196 1019 1263 thesaurum
1052 1197 1091 1260 13
1125 1195 1243 1266 33313.
1280 1194 1395 1266 deindo

263 1297 352 1376 illud,
385 1301 465 1381 qnod
493 1301 659 1382 praesepto
683 1297 896 1367 interdictorio
919 1297 1105 1384 generaliter
1127 1299 1229 1368 iubet:
1264 1298 1396 1364 nolite

264 1401 539 1474 thesaurizare
572 1400 694 1468 uobis
728 1401 934 1468 thesauros
967 1402 1007 1466 in
1042 1404 1164 1479 terra,
1200 1400 1397 1469 thesauri·

214 1505 514 1571 143313331333
548 1503 661 1573 33113
692 1503 901 1571 thesauros
923 1505 962 1570 in
984 1503 1104 1572 nnolo.
1141 1506 1297 1590 postremo
1328 1504 1395 1586 1113,

265 1606 378 1696 quibus
401 1624 508 1674 omnes
530 1625 635 1675 rerum
657 1606 866 1674 mundialium
889 1625 1080 1690 possessores
1098 1610 1137 1674 31
1159 1625 1236 1690 3333
1258 1608 1435 1692 profluseno

264 1712 422 1795 largitatis
454 1731 511 1796 spe
543 1710 684 1779 13131133
719 1710 978 1784 remunerationis
1012 1712 1130 1780 1331131
1163 1711 1278 1789 disens,
1314 1711 1398 1796 quod

151 1805 155 1818 '
264 1815 453 1898 omnis‚.qui
475 1822 600 1900 propter
622 1817 770 1885 honorem
798 1818 894 1902 31333
917 1835 1052 1888 emonem
1077 1835 1169 1888 suum
1191 1818 1246 1888 331
1268 1815 1398 1888 demum

264 1919 321 1992 331
342 1938 453 2004 agrum
476 1920 533 1984 331
554 1937 785 2004 quemeumque
807 1920 902 1986 sliam
926 1920 1112 1990 facultatem
1134 1920 1259 1989 133333
1275 1919 1398 1988 miseri-

266 2023 387 2094 sordine
419 2021 605 2108 prorognsib
639 2023 821 2105 centuplum
853 2023 1046 2103 3331313113
1074 2021 1197 2094 futuro:
1231 2022 1399 2104 insuper

264 2129 413 2206 331333,
445 2124 566 2210 133311,Υ
594 2130 633 2200 31
660 2126 783 2196 uitam
814 2130 1015 2200 seternsrn
1043 2125 1283 2211 possidebit.
1323 2124 1437 2208 quidne

266 2229 417 2312 spondere
449 2229 552 2302 misius
587 2229 783 2301 erodentibus
814 2224 876 2295 sibi
908 2231 1011 2314 potnit
1033 2230 1087 2313 qui
1110 2232 1233 2315 magnis
1257 2230 1398 2321 1333313·

214 2331 257 2402 75
266 2333 387 2404 toribus
415 2332 485 2406 suis
517 2333 703 2416 centuplum
734 2351 768 2400 se
802 2332 998 2401 redditurum
1032 2351 1098 2402 3333
1134 2333 1302 2418 promisit?
1339 2351 1400 2400 333

266 2437 367 2512 331333
399 2435 472 2519 boo,
507 2439 562 2504 sed
594 2438 736 2512 311333,
771 2437 888 2520 inquit,
927 2441 1129 2510 aeternnm
1163 2438 1398 2520 possidebit.

266 2541 324 2611 hoo
353 2541 454 2612 multo
488 2541 560 2624 plus
591 2542 638 2609 331
671 2559 766 2624 qnam
795 2541 866 2622 ipss
893 2542 1033 2625 centupli
1063 2543 1238 2620 retributio,
1269 2543 1342 2625 quie
1363 2542 1399 2613 id

266 2645 379 2728 ipsum,
403 2647 484 2729 quod
508 2643 577 2728 quis
592 2644 627 2710 in
642 2644 788 2726 centuplo
801 2644 968 2728 seneperit,
992 2644 1193 2729 inperpetuo
1216 2644 1438 2728 possidebit.»

266 2767 329 2822 son
358 2750 417 2820 erit
440 2765 511 2831 ergo
533 2748 611 2819 1333
635 2745 758 2832 fragilis
782 2751 814 2820 et
837 2747 952 2816 331333
973 2747 1127 2830 possessio
1150 2749 1262 2817 33313
1285 2747 1398 2842 simi-li-

267 2852 409 2930 tudinem
452 2851 647 2923 terrenarum
684 2849 866 2938 diuitiarum
907 2851 1036 2924 umbrae
1074 2852 1304 2933 praetereuntis
1343 2853 1399 2925 331

267 2954 382 3032 somnii
404 2953 603 3030 senescentis
618 2971 703 3021 mors
725 2952 872 3040 periture.
905 2953 1055 3038 quidquid
1071 2955 1181 3027 datum
1196 2974 1215 3021 n
1229 2955 1285 3022 den
1302 2954 1399 3031 luerit

267 3059 433 3142 inmortale
463 3057 532 3136 orit,
567 3056 720 3140 quidquid
749 3060 911 3138 3333311131
944 3057 1139 3130 1333113133
1171 3059 1304 3140 termino
1326 3077 1398 3141 por-

265 3161 416 3238 manobit.
455 3179 490 3237 33
516 3180 571 3244 per
601 3161 667 3238 hoe,
700 3162 737 3234 31
766 3160 841 3244 dini,
871 3160 942 3244 plus
966 3180 1059 3246 quam
1082 3163 1264 3246 3331331331
1278 3162 1436 3244 ⁴eorripibee

266 3268 320 3348 qui
350 3266 396 3338 313
424 3264 547 3348 adripit,
582 3266 655 3349 3313
683 3263 784 3336 313311
811 3265 950 3347 esntnpli
972 3264 1118 3349 pretinm,
1150 3265 1184 3330 id
1205 3265 1310 3348 ipsum
1334 3283 1399 3339 esse

267 3370 449 3452 oentuplum
471 3370 705 3454 sempiternum.

216 3485 258 3552 16
310 3489 430 3554 XVIII.
462 3489 548 3570 Quae
583 3507 654 3554 enm
687 3487 734 3554 ita
766 3488 831 3554 sint
859 3491 890 3553 et
924 3505 995 3553 oum
1029 3491 1120 3554 13313
1151 3488 1269 3571 absque
1304 3488 1399 3555 dubio

267 3595 449 3676 reoeptnrns
470 3593 512 3657 sit
535 3595 587 3675 qni
604 3593 660 3657 deo
683 3592 789 3670 eredit,
813 3593 965 3675 quomodo
989 3593 1025 3658 tn
1047 3591 1097 3658 his
1121 3592 1224 3670 sehse,
1248 3610 1324 3674 quse
1341 3591 1398 3657 deo

268 3697 401 3776 dederis
425 3715 556 3762 usurum
579 3700 610 3762 to
632 3715 700 3761 osso
721 3697 793 3779 post
814 3698 949 3762 mortem
972 3713 1034 3762 333
1054 3699 1168 3781 33133,
1183 3713 1316 3780 quarum
1338 3694 1435 3761 tibine

267 3819 330 3867 non
363 3819 455 3865 usnm
489 3801 706 3865 tantummodo
743 3799 887 3864 dominns
921 3799 974 3864 sed
1008 3803 1213 3884 augmentum
1247 3799 1344 3865 etism
1366 3801 1398 3863 31

329 3929 507 4056 Ι51131111,
528 3985 569 4051 19,
587 3984 630 4056 21·
709 3985 884 4051 13131136,
903 3985 936 4039 19
1023 3985 1056 4046 14
1074 3985 1172 4051 1131111.
1194 3986 1234 4051 19,
1253 3985 1287 4049 29

319 4155 514 4230 2331113311.
536 4156 715 4227 1333313
762 4185 778 4226 1,
818 4156 945 4220 4133133
969 4172 1003 4215 en
1025 4155 1280 4220 subinserens
1303 4159 1330 4213 A

270 4242 303 4308 13
314 4241 474 4305 1333113133
487 4257 521 4303 rs
534 4244 606 4306 vtum
620 4242 851 4311 saresbiriensis
863 4259 898 4308 en
909 4243 1003 4314 133311
1014 4258 1085 4300 sorr.
1096 4259 1131 4300 m.
1144 4247 1164 4298 2
1176 4243 1203 4306 B
1310 4243 1344 4298 16
1361 4243 1399 4301 fs·

269 4329 438 4394 stratoribus
456 4329 484 4383 B
552 4329 791 4394 ,2131133311
878 4329 912 4394 22
926 4332 1129 4402 praetereuntes
1146 4329 1202 4387 AB
1288 4329 1323 4387 26
1340 4329 1397 4387 313·

269 4415 308 4471 311
327 4431 361 4472 eor
378 4415 446 4471 nisit
463 4431 532 4472 sorr.
550 4432 585 4472 m.
604 4419 624 4470 2
643 4417 671 4470 A
774 4417 908 4484 praetium
925 4417 953 4470 A
