3132 5096
487 495 524 548 de
542 493 679 564 gubern.
698 493 752 548 dei
769 493 808 548 VI
830 492 973 558 §20-27.
1230 495 1290 560 131

158 683 239 753 oum
272 687 310 751 ab
345 703 380 752 eo
414 683 531 767 aliquid
563 683 637 749 boni
670 685 816 766 capimus,
850 701 922 748 cnm
955 683 1170 766 prosperitatis
1196 685 1234 750 oh
1257 702 1292 748 ee

160 790 289 873 aliquid
312 787 503 855 attribuitur
525 791 580 854 aut
602 786 733 853 uictoria
748 789 786 852 ds
807 784 951 852 hostibus
974 804 993 850 a
1016 785 1181 851 diuinitate
1204 803 1293 869 prae-

166 893 279 959 statur.
318 891 454 974 etquid
487 890 573 956 aliud
606 891 664 955 hac
692 909 725 954 re
753 889 1035 969 reconditorio,
1069 907 1163 986 quem
1190 890 1217 955 si
1240 889 1293 972 qui

166 997 286 1062 homini
308 995 492 1061 heneficium
516 994 659 1080 largienti
682 990 850 1060 iniuriosus
866 995 909 1058 sit
924 998 978 1060 ant
994 991 1205 1058 blandientem
1221 1011 1293 1058 ron·

136 1099 258 1164 cnidiis
282 1098 391 1163 caedat
413 1099 469 1162 ant
492 1096 661 1162 osculantis
684 1097 809 1162 uultum
824 1113 972 1162 mucrone
985 1095 1172 1178 transfigat?
1197 1097 1346 1165 inter-25

164 1219 240 1286 rogo
276 1202 361 1267 enim
394 1217 500 1267 omnes
533 1202 677 1282 potentes
707 1217 744 1265 ac
778 1200 892 1265 diuites
926 1199 1037 1266 mnndi
1070 1197 1172 1279 huius,
1206 1199 1292 1264 cuius

163 1304 283 1388 piaculi
317 1321 388 1369 rens
417 1303 459 1370 sit
488 1319 596 1368 seruus
618 1302 682 1382 ille,
716 1303 770 1385 qni
792 1302 874 1370 bono
896 1321 932 1368 ao
955 1303 1005 1386 pio
1028 1301 1151 1367 domino
1173 1301 1292 1366 malum

164 1409 295 1492 cogitet,
324 1409 377 1491 qui
405 1407 483 1472 bene
510 1406 644 1471 merenti
673 1405 847 1472 conuicium
876 1404 970 1472 faciat
999 1407 1030 1471 et
1058 1424 1113 1488 pro
1134 1403 1290 1485 libertate,

165 1531 258 1594 quem
283 1510 412 1593 accepit,
436 1510 658 1576 contumeliam
680 1509 799 1576 reddat.
829 1509 946 1592 absque
968 1508 1062 1576 dnbio
1077 1509 1206 1575 maximi
1229 1509 1292 1576 ori-

123 1616 259 1680 ·rominis
294 1631 364 1679 reos
397 1613 537 1679 creditur
566 1614 620 1696 qui
649 1615 769 1678 malum
799 1631 855 1696 pro
877 1613 960 1680 bono
981 1613 1096 1693 reddit,
1120 1612 1171 1679 oui
1195 1614 1292 1678 etiem

164 1719 283 1784 malum
306 1735 362 1800 pro
378 1717 459 1784 malo
474 1717 601 1783 reddere
623 1733 684 1782 non
707 1717 826 1782 liceret.
859 1717 916 1782 hoc
938 1734 1011 1801 ergo
1029 1715 1126 1780 etiam
1148 1734 1216 1793 nos,
1238 1715 1293 1798 qui

165 1819 336 1888 Christiani
370 1820 511 1900 dioimdr,
545 1821 694 1887 facimus:
730 1821 896 1886 inritamus
924 1821 956 1884 in
983 1838 1039 1884 nos
1062 1819 1292 1884 misericordem

164 1923 257 1988 doum
292 1923 529 2006 impuritatibus
564 1925 678 1990 nostris
710 1924 931 2007 propitiantem
966 1922 1108 1990 sordibus
1141 1923 1292 1990 laedimus

164 2025 382 2091 blandientem
405 2026 530 2116 iniuriis
553 2027 763 2092 uerberamus.

124 2187 152 2225 nn
208 2163 245 2228 V.
282 2161 404 2229 Christo
429 2182 500 2246 ergo
526 2165 555 2248 (o
580 2163 718 2228 amentia
741 2163 962 2244 monstruosal)
994 2161 1115 2228 Christo
1138 2163 1292 2230 circenses
1303 2165 1344 2228 26

94 2295 97 2300 Δ
163 2265 323 2331 offerimus
348 2268 379 2332 et
406 2267 527 2344 mimos,
563 2265 686 2332 Christo
716 2283 772 2348 pro
807 2263 967 2330 beneficiis
1003 2265 1067 2329 suis
1099 2267 1293 2332 theatrorum

163 2367 302 2434 obscena
330 2369 499 2453 reddimus,
531 2367 652 2434 Christo
681 2369 875 2435 ludicrorum
898 2368 1152 2450 turpissimorum
1174 2370 1291 2436 hostias

162 2471 376 2538 immolamus.
414 2474 565 2540 uidelicet
594 2473 652 2539 hoc
674 2490 729 2538 nos
752 2489 808 2556 pro
831 2470 920 2538 nobis
942 2473 975 2536 in
999 2489 1089 2536 cerne
1113 2475 1205 2538 natus
1229 2474 1292 2538 sal·

162 2578 254 2639 nator
275 2577 379 2641 noster
402 2577 541 2642 edocuit:
571 2576 629 2642 hoc
655 2577 707 2642 uel
728 2595 783 2659 per
805 2575 964 2658 seipsum
986 2573 1038 2640 uel
1061 2595 1115 2660 per
1137 2577 1291 2658 apostolos

121 2677 367 2760 acpreedioeuit.
411 2683 537 2763 propter
574 2680 631 2747 hoc
666 2679 823 2744 humanae
855 2677 1035 2744 natiuitatis
1070 2679 1293 2744 uerecundiam

162 2780 262 2848 subiit
305 2785 337 2848 et
381 2785 602 2849 contumeliosa
651 2783 765 2849 terreni
808 2783 894 2848 ortus
924 2782 1091 2866 'principia
1136 2784 1293 2866 suscepit:

160 2885 292 2968 propter
325 2885 382 2951 hoo
414 2886 448 2950 in
481 2886 640 2970 praesepio
675 2885 772 2951 iacuit
795 2885 845 2952 cui
868 2887 1044 2951 seruierunt
1074 2885 1186 2968 angeli,
1221 2905 1293 2951 cnm

160 2987 292 3053 iaceret:
327 2992 454 3073 propter
486 2991 544 3055 ho'c
577 2990 697 3055 inuolni
718 3009 750 3055 se
773 3007 946 3072 pannorum
982 2987 1158 3073 crepundiis
1191 2989 1293 3055 uoluit

160 3087 219 3172 qui
254 3091 374 3156 coelum
408 3093 533 3176 regebat
562 3093 593 3158 in
622 3094 749 3177 pannis:
784 3095 910 3176 propter
938 3093 995 3158 hoc
1018 3093 1051 3158 in
1073 3091 1212 3176 patibulo
1236 3110 1292 3173 pe-

118 3193 273 3276 aepeudit
296 3211 387 3276 quem
411 3197 598 3278 pendentem
621 3196 756 3261 mundus
779 3195 914 3278 expauit.
945 3195 1011 3278 qui
1025 3195 1191 3277 ‘propter
1207 3193 1343 3273 'dosii

160 3298 269 3378 inquit
294 3298 462 3382 apostolus,
496 3317 640 3382 pauper
668 3298 797 3363 fectus
821 3296 895 3374 est,
930 3315 1013 3362 curn
1042 3298 1149 3363 diues
1178 3299 1291 3373 esset,

265 3483 348 3540 2511
366 3484 427 3539 (lor.
446 3485 470 3549 8,
489 3484 506 3538 9

216 3656 231 3708 1
255 3654 361 3724 aliquid,
382 3654 416 3712 ab
440 3671 471 3710 eo
496 3658 572 3723 (cate
589 3654 698 3721 adicit.)
722 3656 750 3713 Β
853 3656 870 3710 2
893 3657 1044 3729 praestetur
1067 3657 1095 3712 Β
1117 3673 1151 3714 aa.
1170 3661 1200 3720 1,
1226 3657 1291 3710 item

157 3742 254 3796 statim
280 3741 389 3796 uidetur
418 3746 485 3795 m.1
589 3742 606 3796 3
633 3742 712 3810 quasi
737 3741 793 3795 AB
819 3741 866 3795 scd
892 3743 923 3794 io
950 3743 976 3795 A
1004 3743 1107 3796 lineola
1133 3741 1197 3796 aoid.
1221 3744 1291 3794 nat

153 3841 280 3894 sapora
379 3827 474 3881 tcum
491 3827 569 3882 niciis
587 3827 615 3880 Β
712 3825 891 3895 5transfigat
910 3827 938 3880 B
1034 3827 1148 3895 deniml
1168 3829 1216 3881 boc
1234 3827 1291 3880 loco

156 3913 210 3966 ·N1
234 3912 262 3965 A
365 3929 454 3968 omnes
472 3914 500 3967 Β
517 3914 570 3969 at.
673 3901 826 3968 dmerenti
842 3929 875 3968 eoo
893 3915 1010 3967 merente
1028 3913 1055 3966 A
1073 3929 1140 3968 corr.
1160 3918 1224 3971 m.1

157 4000 175 4053 9
195 3998 299 4067 accepit
317 3997 463 4054 Halmius.-
481 3999 577 4068 accipit
595 4000 650 4054 AB
663 4000 741 4068 (rell.)
836 4000 942 4054 reditA
1043 4000 1075 4054 10
1087 3999 1181 4054 reddat
1193 4000 1221 4053 B

155 4086 244 4138 etiam
263 4094 328 4154 ergo
345 4084 372 4138 A
389 4084 438 4139 aed
454 4084 565 4140 odienda
582 4091 649 4140 suut
666 4086 890 4153 transpositionis
907 4087 986 4156 sipon
1003 4101 1037 4140 m.
1056 4089 1071 4138 1
1177 4085 1209 4139 13
1232 4100 1292 4153 pro·

157 4171 310 4239 piciantem
328 4169 356 4224 A
459 4171 493 4225 19
509 4172 554 4228 uel
570 4187 598 4225 ss
617 4171 644 4226 Β
741 4172 778 4227 21
798 4172 931 4242 principia
949 4173 989 4226 B:
1013 4171 1171 4240 principalia
1187 4169 1236 4225 aed
1254 4171 1291 4224 lia

152 4261 258 4326 pumat.
270 4261 392 4325 et-supcr
403 4273 438 4326 pa
448 4271 498 4320 eor.
511 4274 546 4312 rra
558 4261 577 4312 2
588 4257 600 4310 i
612 4259 638 4311 A
650 4257 797 4326 Halmium
810 4265 927 4314 emeram
939 4257 990 4323 cfr.
1002 4256 1118 4322 taifred.
1131 4259 1174 4311 33.
1187 4260 1223 4312 34

155 4343 195 4397 23
221 4341 374 4411 crepondiis
400 4357 484 4412 eeepor
506 4359 590 4398 onon
609 4361 627 4397 u
645 4359 679 4398 m.
698 4347 717 4397 2
736 4346 762 4398 A
865 4345 899 4398 ab
926 4359 972 4397 uos
999 4341 1131 4411 Volputa:
1159 4358 1209 4396 nos
1236 4344 1293 4396 AB

155 4430 292 4484 Halmius

1152 4477 1270 4586 9²⁸¹
