3172 5098
282 485 345 552 288
771 481 929 536 Saluieni

282 692 344 738 non
359 674 485 739 tentum
501 672 647 738 filiisout
663 672 836 754 nepotibus,
856 671 937 754 qood
952 671 990 736 ob
1005 669 1136 738 netnree
1150 672 1414 736 necessitudinem

281 779 358 843 ferri
385 780 500 862 potest,
530 777 584 842 sed
613 778 709 843 etiem
733 777 859 860 agnetis
883 779 916 842 et
938 776 1091 861 eognetis,
1121 776 1354 858 neqne‘solum,
1378 778 1416 839 nt

240 887 247 893 “
283 882 382 960 eiunt,
407 901 442 944 ex
465 880 584 946 direeto
607 881 661 946 sed
685 879 782 945 etiem
797 897 835 944 ex
850 879 974 962 obliquo
998 882 1030 944 et
1049 897 1086 943 ex
1109 883 1294 958 transuerso,
1316 880 1416 946 immo

282 987 386 1068 potins
409 1003 446 1050 ex
468 1003 578 1050 euerso
606 1000 814 1067 peruersoqne
842 982 1043 1048 uenientibus
1073 1001 1123 1047 res
1145 985 1288 1066 propriae
1311 980 1416 1048 foeni-

229 1086 272 1153 58
283 1089 367 1173 tetis,
390 1087 423 1152 id
447 1093 496 1152 est
517 1087 654 1171 pretium
676 1105 750 1152 enee
772 1087 999 1169 redemptionis
1021 1086 1181 1154 eddiount.
1204 1105 1260 1151 nse
1282 1086 1416 1151 interest
1440 1107 1454 1148 s

281 1211 378 1274 peene
409 1193 474 1256 ism
495 1185 587 1273 epod
622 1191 762 1256 homines
795 1189 909 1274 quibos
943 1192 1119 1268 oonsolent,
1153 1193 1319 1256 dummodo
1356 1187 1418 1254 sibi

283 1294 408 1360 omnino
431 1314 492 1360 non
515 1297 688 1362 consulant.
724 1296 752 1361 si
775 1295 829 1378 qni
852 1295 935 1361 enim
958 1295 1096 1374 existis,
1119 1298 1157 1361 de
1180 1295 1294 1378 quibes
1316 1293 1417 1375 loqui-

264 1584 265 1587 *
335 1568 351 1621 2
373 1569 438 1622 ferri
457 1570 664 1624 esfemeeorr.
683 1587 717 1624 m.
737 1569 801 1623 213
889 1570 1015 1638 ,agnetis
1032 1585 1054 1624 s.
1073 1570 1090 1626 l.
1109 1587 1144 1624 m.
1162 1573 1179 1624 1
1196 1569 1224 1622 A
1326 1567 1345 1622 4
1369 1566 1417 1620 ed·

283 1671 360 1709 uerso
379 1673 413 1711 ere
430 1672 523 1710 euerso
541 1672 609 1710 corr.
628 1673 662 1710 m.
681 1657 701 1710 2
720 1655 747 1710 B
852 1657 1021 1724 ipreetinm
1039 1657 1067 1709 A
1167 1661 1232 1724 poet
1249 1653 1418 1724 addicuntp
1472 1673 1475 1680 ·

283 1747 308 1796 el
326 1741 386 1796 edd.
406 1749 472 1797 oete
489 1741 649 1797 Halmium:
668 1742 740 1796 siout
758 1742 889 1811 seriptum
907 1743 961 1796 est:
980 1755 1033 1795 non
1046 1741 1122 1796 dedit
1134 1741 1183 1794 deo
1196 1741 1418 1810 propitiationem

282 1843 359 1882 susm
378 1832 406 1882 et
421 1831 539 1898 pretinm
557 1828 748 1898 redemptionis
766 1829 872 1882 enimse
890 1843 960 1882 sune.
980 1828 1099 1898 etpeulo
1111 1831 1186 1897 post:
1205 1828 1295 1890 simol,
1315 1824 1416 1895 inquit,

283 1915 412 1986 insipiens
436 1919 464 1970 et
487 1915 589 1970 stultns
615 1915 748 1983 peribunt,
772 1919 800 1970 et
825 1915 979 1984 relinquent
995 1914 1090 1970 aliems
1109 1915 1224 1968 dinities
1242 1929 1311 1979 snm,
1330 1916 1419 1966 etse·

283 2001 394 2072 pulchre
421 2017 511 2054 eorum
538 2001 633 2060 domos
661 2017 750 2056 eornm
776 2003 805 2056 in
832 2005 979 2056 aeternum.
1010 2001 1076 2072 quid
1102 1991 1174 2054 inter
1196 2001 1316 2070 stultum
1332 2000 1373 2054 sit
1391 2002 1420 2054 es

284 2086 536 2156 insipientem,non
555 2092 596 2140 est
614 2103 684 2140 nune
703 2087 851 2140 disserendi
869 2086 943 2142 loeus
950 2100 960 2142 :1
976 2103 1023 2142 neo
1039 2103 1102 2142 sene
1120 2088 1242 2154 interest,
1262 2102 1329 2155 quoe
1346 2087 1420 2140 inter

284 2189 327 2226 eos
354 2173 513 2226 meritorum
540 2173 577 2226 sit
604 2171 764 2238 differentia,
794 2189 907 2242 qnorum
935 2174 977 2226 est
998 2189 1052 2226 nna
1075 2173 1198 2242 penditio.
1229 2176 1301 2242 quod
1324 2189 1421 2228 osusee

283 2260 375 2329 itaque
393 2259 501 2326 suffieit,
520 2276 579 2314 eom
597 2259 708 2314 dixisset
726 2257 808 2313 simul
825 2258 997 2327 insipientem
1016 2262 1043 2314 et
1062 2257 1178 2315 stultum
1200 2275 1256 2314 esse
1274 2259 1419 2328 perituros,

283 2347 422 2400 uideamus
449 2347 514 2416 qnid
541 2347 584 2400 nel
611 2346 647 2399 ed
672 2361 780 2400 oensem
805 2347 848 2399 nel
866 2347 900 2399 ed
926 2346 1064 2400 oemulnm
1090 2345 1250 2415 perditionis
1278 2344 1418 2400 adiecerit.

283 2434 445 2502 relinquent,
464 2433 565 2502 inquit,
584 2432 681 2488 alienis
699 2432 813 2486 dioities
832 2447 902 2486 sues.
931 2449 1026 2486 nerum
1040 2435 1092 2486 est:
1111 2433 1177 2502 qnid
1195 2425 1267 2487 enim
1285 2432 1343 2486 sius
1361 2429 1420 2486 ¹tem

283 2520 408 2585 stultum,
433 2519 490 2573 siue
507 2521 565 2574 tem
582 2518 728 2588 perditum,
752 2534 832 2590 quom
856 2521 889 2573 nt
907 2519 1006 2588 eliquis
1024 2520 1056 2574 de
1075 2536 1123 2574 erro
1140 2535 1194 2574 non
1213 2519 1267 2574 sibi
1286 2521 1419 2586 consulet,

283 2607 441 2674 praesertim
468 2622 529 2662 eum
557 2606 621 2660 dens
649 2607 729 2672 diost,
757 2605 827 2659 nihil
850 2607 975 2675 prodesse
997 2607 1110 2676 homini,
1140 2607 1163 2662 si
1182 2609 1270 2660 totum
1287 2607 1420 2662 mundum

284 2693 444 2759 lucrifaciet,
467 2693 571 2746 enimse
590 2695 681 2746 eutem
699 2709 761 2746 enee
780 2691 973 2747 detrimentum
996 2693 1138 2764 patietur?
1166 2696 1214 2747 snt
1232 2709 1314 2762 qnam
1332 2693 1419 2762 debit,

284 2778 383 2846 inquit,
410 2777 490 2831 homo
518 2779 752 2832 commutationem
779 2793 826 2848 pro
853 2779 944 2832 snime
969 2779 1038 2832 snei
1069 2779 1092 2833 el
1111 2795 1173 2849 ergo
1191 2777 1311 2834 homines
1329 2781 1420 2834 totum

285 2864 416 2917 mondum
444 2880 567 2933 spernere
594 2868 707 2933 oportet,
735 2881 769 2918 ne
787 2865 936 2920 animarum
964 2865 1062 2919 demne
1088 2867 1241 2934 potientur,
1267 2867 1294 2920 et
1312 2869 1421 2935 propter

286 2965 362 3004 suem
381 2951 496 3006 salntem
514 2951 594 3008 debet
612 2951 746 3020 quispiam
763 2953 849 3010 etism
862 2967 911 3006 sue
922 2952 996 3006 luere
1008 2955 1188 3019 oontemsere,
1206 2967 1288 3022 quem
1301 2951 1421 3008 infidelis

284 3041 334 3103 est,
354 3054 433 3108 quem
452 3039 581 3107 insipiens
599 3043 648 3104 est,
667 3041 714 3108 qni
732 3042 765 3094 ut
783 3038 869 3093 elium
888 3039 1003 3092 diuitem
1022 3039 1113 3106 feoiet,
1132 3039 1251 3094 enimam
1269 3056 1346 3096 suem
1363 3040 1421 3108 ipse

283 3124 464 3180 condemnati
494 3125 608 3179 menime
635 3142 695 3179 oum
719 3127 747 3179 et
771 3124 817 3178 ille
842 3140 896 3179 non
919 3124 1038 3179 multum
1065 3124 1238 3195 adipiscetur,
1265 3127 1312 3194 qui
1341 3141 1421 3179 usum

284 3211 472 3280 temporalium
495 3227 583 3265 rerum
606 3211 711 3279 eooipit,
740 3213 767 3266 et
790 3210 838 3265 ille
862 3211 1076 3265 inaestimabilia
1099 3211 1199 3266 domne
1216 3212 1344 3280 perferet,
1373 3211 1421 3281 qui

186 3354 188 3358 ,
286 3297 404 3350 frustum
431 3297 525 3352 benten
552 3298 723 3352 aeternitatis
750 3297 864 3352 omittit.
891 3311 955 3351 nem
977 3300 1005 3351 et
1029 3297 1089 3352 ideo
1107 3298 1231 3367 seqnitur
1249 3297 1279 3351 in
1297 3297 1421 3351 Pselmor

261 3451 267 3459 .
285 3383 427 3451 sepulchre
444 3400 534 3438 eorum
552 3385 646 3438 domos
665 3399 757 3439 eorum
774 3385 804 3438 in
822 3389 969 3439 aeternnm.
997 3400 1078 3454 quom
1096 3387 1194 3462 misere
1212 3399 1275 3454 ergo
1293 3385 1345 3437 erit
1362 3399 1421 3452 por·

285 3469 345 3526 dite
368 3486 425 3524 sors
453 3486 550 3536 eorum,
578 3471 625 3540 qni
648 3473 726 3540 quasi
749 3471 899 3538 sepulchris
916 3470 1080 3539 perennibus
1098 3470 1229 3539 deputati,
1256 3483 1339 3539 quem
1358 3485 1422 3524 oon·

287 3557 417 3612 ditionem
429 3560 616 3627 postmortem
628 3558 766 3627 perierunt
779 3573 928 3630 corporum,
944 3558 1057 3615 eandem
1070 3556 1265 3627 quodammodo
1278 3557 1422 3628 patientur

287 3643 444 3708 animarum,
470 3645 622 3713 etquidem
644 3646 734 3699 minus
756 3644 888 3710 miserem,
914 3645 938 3698 si
960 3644 1079 3710 eandem,
1103 3646 1152 3698 eut
1170 3644 1193 3696 si
1212 3643 1245 3696 ed
1263 3659 1308 3697 eos
1327 3641 1361 3696 sd
1379 3643 1421 3696 in·

285 3737 378 3784 mente
404 3729 562 3799 insipientie
587 3747 635 3784 neo
662 3731 791 3785 bonorum
819 3745 911 3785 sensns
935 3747 982 3784 nee
1007 3731 1138 3784 melorum
1161 3729 1250 3799 passio
1268 3727 1422 3797 perueniret

288 3817 445 3886 (pertineret
463 3817 504 3872 ed.
522 3818 647 3884 Bolos).
675 3817 746 3871 illud
766 3817 822 3884 (sed
839 3817 909 3871 illnd
928 3817 970 3872 ed.
989 3817 1100 3884 Bolos.)
1125 3816 1251 3871 eoerbnm
1274 3818 1362 3884 etque
1379 3815 1421 3868 in·

286 3903 437 3966 tolerabile,
461 3903 532 3972 quod
550 3904 677 3958 similiter
695 3905 813 3972 pereunt,
838 3903 956 3958 sednon
974 3903 1102 3970 similiter
1120 3904 1283 3971 punientem
1310 3901 1421 3956 illorum

287 3992 360 4045 enim
384 4007 454 4045 mors
479 3990 640 4059 sempiterne
663 3991 721 4043 sine
744 4005 824 4044 sensu
841 3993 890 4054 est,
912 3989 1166 4044 istornmomninm
1186 3984 1363 4042 cumdolore.
1390 4001 1421 4040 ee

288 4078 327 4132 sie
348 4077 529 4133 eonditionem
556 4077 695 4130 hominnm
722 4077 891 4144 peecatorum
918 4075 1034 4144 perditio
1058 4075 1167 4144 quidem
1190 4074 1258 4128 feeit
1275 4072 1422 4142 pecudibus

288 4179 345 4218 esse
363 4165 488 4230 similem,
513 4163 559 4218 sed
577 4165 667 4216 tomen
684 4177 795 4230 posnam
819 4164 979 4231 greniorsm.
1008 4161 1130 4232 cogitent
1147 4161 1234 4230 igitur
1252 4163 1350 4214 ennete
1368 4159 1423 4213 iste

287 4265 355 4320 ques
378 4250 499 4316 dieimns,
526 4251 609 4304 immo
632 4249 753 4318 negitent
776 4251 872 4304 ennete
894 4249 943 4303 ille
968 4263 1036 4316 queo
1054 4247 1118 4301 dens
1132 4246 1211 4310 dioit,
1236 4245 1282 4313 qni
1300 4245 1354 4299 sibi
1374 4257 1424 4298 nee

288 4341 352 4390 ente
369 4340 483 4392 mortem
502 4337 610 4390 omnine
629 4335 781 4400 consulunt,
801 4349 848 4389 nee
865 4335 894 4389 in
912 4338 1000 4390 morte
1018 4336 1184 4398 snoenrront,
1203 4331 1274 4400 epod
1291 4347 1358 4401 qnos
1376 4331 1425 4385 ob·

289 4422 357 4476 linio
375 4425 417 4476 est
435 4422 542 4492 penitus
561 4438 669 4478 suorum
688 4423 846 4477 animarum.
