3134 5098
277 472 320 537 34
761 467 915 523 Saluiani

275 660 408 725 Paulus:
442 659 483 723 in
515 661 620 744 ipso,
653 658 773 741 inquit,
807 661 845 724 et
873 659 1047 724 uiuimus
1075 660 1113 723 et
1142 675 1341 722 monemur
1364 660 1402 724 et

275 781 415 828 sumus.
453 765 522 847 plus
552 765 666 846 absque
697 760 792 827 dubio
823 780 917 845 quam
946 762 1133 845 gubernator
1163 764 1211 826 est
1240 761 1344 839 uitae,
1367 760 1401 826 in

276 884 336 947 quo
358 866 460 932 motus
483 868 548 950 ipse
575 866 711 931 uiuentis
734 869 792 931 est.
829 883 891 931 non
913 866 998 930 enim
1020 865 1098 930 dixit
1119 867 1158 932 ab
1180 865 1247 948 ipso
1270 882 1326 930 nos
1348 868 1399 932 sed

274 968 396 1051 inipso
420 971 554 1048 moueri,
586 972 699 1035 docens
729 968 852 1034 scilicet
881 969 1010 1034 insitam
1032 968 1117 1034 intra
1138 971 1273 1034 uirtutes
1296 986 1399 1034 sacras

274 1071 413 1138 omnium
447 1076 591 1139 nostrum
625 1091 691 1138 osse
724 1071 951 1151 substantiam,
989 1071 1063 1154 quia
1096 1072 1129 1136 16
1161 1073 1229 1154 1666
1261 1071 1434 1154 profectos

225 1174 266 1240 10
274 1175 426 1261 uiuimus,
456 1196 559 1259 aquo
589 1176 648 1241 hoc
676 1178 780 1258 ipsum
812 1176 994 1243 adducimus
1021 1177 1104 1258 quod
1134 1193 1251 1241 sumus.
1289 1175 1400 1240 sedet

274 1279 411 1344 saluator
442 1279 507 1361 ipso
536 1279 569 1343 16
594 1279 774 1362 euangelio:
808 1297 895 1343 ecco
924 1296 1010 1362 ego,
1043 1279 1160 1361 inquit,
1194 1278 1399 1344 uobiscum

250 1369 357 1446 ¹sum
394 1384 574 1450 omnibus
611 1383 749 1448 diebus
782 1402 902 1467 usque
935 1384 980 1448 ad
1016 1382 1399 1448 consummationem

272 1485 436 1550 saeculi.
469 1504 531 1551 non
553 1486 654 1552 solum
677 1487 840 1553 nobiscum
861 1505 895 1552 se
916 1503 982 1552 esse
1005 1485 1084 1552 dixit
1106 1487 1272 1552 sedetiam
1295 1487 1396 1552 omni-

270 1587 328 1651 bus
351 1589 459 1655 diebus
480 1608 545 1654 esse
569 1592 742 1656 nobiscum.
779 1593 815 1654 tu
838 1608 919 1668 eum,
941 1609 959 1654 o
981 1590 1194 1673 ingratissime
1215 1590 1318 1670 homo,
1343 1589 1432 1675 quire

270 1690 337 1754 sine
361 1694 530 1758 cessatione
552 1694 712 1759 nobiscum
733 1693 789 1772 est,
811 1713 867 1758 nec
890 1711 998 1760 curam
1019 1712 1076 1759 666
1097 1697 1273 1776 respectum
1294 1695 1396 1759 nostri

269 1794 384 1862 habore
418 1795 518 1862 dicis?
551 1798 626 1878 quid
659 1815 732 1879 ergo
768 1796 843 1862 lacit
876 1798 1057 1863 nobiscum?
1090 1799 1243 1881 numquid
1272 1797 1397 1863 adhoc

270 1899 432 1965 nobiscum
455 1903 513 1983 est,
536 1900 656 1966 utnon
678 1900 834 1982 respiciat,
855 1904 891 1965 ut
913 1902 1083 1986 neglegat?
1105 1903 1137 1966 et
1159 1903 1312 1985 quomodo
1334 1902 1395 1968 sibi

270 2005 437 2086 utrumque
468 2005 630 2082 conuenit,
664 2005 775 2086 utqui
802 2005 915 2087 pietati
944 2007 1082 2087 praestat
1103 2007 1312 2090 praesentiam
1334 2009 1395 2071 im-

269 2107 381 2188 pietati
403 2107 521 2174 tribuat
549 2107 723 2174 incuriam?
761 2128 849 2174 ecce
883 2111 1000 2188 enim,
1033 2109 1154 2193 inquit,
1189 2113 1430 2177 uobiscumu

269 2227 353 2274 sum
386 2211 569 2277 omnibus
603 2213 741 2276 diebus
775 2231 901 2296 usque
934 2215 980 2277 ad
1014 2215 1394 2280 consummationem

219 2313 432 2378 llsaeeuli.
471 2315 625 2398 praeclare
654 2316 802 2381 uidelicet
831 2317 977 2380 affectum
1001 2315 1052 2381 dei
1074 2317 1336 2400 interpretamur,
1366 2321 1395 2384 si

267 2437 322 2482 nos
351 2419 579 2486 calumniamur
606 2421 644 2485 ab
675 2439 710 2485 eo
739 2421 853 2505 iugiter
882 2420 1022 2502 neglegi,
1058 2438 1130 2485 oum
1158 2421 1213 2485 1116
1242 2439 1297 2486 666
1319 2440 1337 2486 6
1360 2441 1393 2486 66

267 2521 400 2586 testetur
432 2523 547 2606 iugiter
577 2543 639 2589 non
672 2524 816 2606 relinqui.
854 2524 910 2589 illo
939 2543 995 2607 per
1016 2523 1075 2588 hoc
1098 2524 1256 2590 ostendere
1278 2525 1391 2606 uoluit,

267 2623 349 2706 quod
378 2644 395 2688 6
424 2627 512 2691 uobis
540 2625 651 2691 6116616
680 2645 717 2692 66
746 2627 938 2709 protectione
966 2628 1082 2710 iugiter
1112 2646 1174 2693 non
1208 2629 1427 2708 discederetao

267 2727 341 2807 quia
363 2744 381 2790 a
403 2728 491 2793 nobis
515 2729 610 2793 etiam
631 2731 805 2811 praesentia
820 2748 881 2794 non
898 2729 1030 2796 abesset.
1055 2749 1109 2795 666
1124 2731 1158 2796 16
1173 2735 1391 2813 contemptum

265 2829 365 2894 nostri
388 2829 529 2896 diuinam
550 2834 703 2898 uertimus
732 2835 909 2908 caritatem,
940 2853 994 2898 666
1018 2836 1131 2901 amoris
1153 2835 1335 2900 testimonia
1357 2835 1391 2900 in

265 2932 328 2996 odii
351 2938 538 3016 argumenta
560 2938 725 3001 mutamus.
759 2937 818 3004 hoc
841 2938 933 3018 enim,
958 2941 1039 3020 quod
1061 2944 1258 3023 praesentem
1274 2959 1308 3004 se
1323 2957 1390 3004 esse

266 3035 352 3116 dicit,
377 3038 440 3103 odii
462 3039 564 3122 magis
586 3040 801 3106 testimonium
816 3059 882 3106 esse
897 3045 1042 3108 uolumus
1058 3062 1152 3125 quam
1168 3042 1290 3108 amoris.
1316 3062 1389 3108 nam

264 3138 292 3202 si
315 3142 473 3206 absentem
496 3163 529 3208 se
551 3143 694 3208 dominus
716 3145 858 3211 futurum
880 3165 946 3211 6666
969 3147 1113 3227 dixisset,
1137 3149 1240 3213 minus
1265 3149 1424 3213 causarias

263 3241 393 3309 forsitan
421 3247 460 3311 de
488 3247 610 3313 incuria
638 3253 818 3332 poteramus
848 3250 994 3316 absentis.
1030 3253 1158 3317 maioris
1190 3253 1387 3333 contemptus

262 3363 311 3408 res
335 3349 497 3431 astatque
520 3350 655 3432 fastidii,
686 3354 713 3417 61
736 3373 791 3418 666
814 3355 928 3438 iugiter
951 3356 1090 3439 neglegit
1113 3355 1166 3438 qui
1188 3375 1206 3421 a
1228 3355 1315 3420 nobis
1339 3355 1388 3418 iu·

261 3448 343 3530 giter
365 3469 425 3514 non
447 3456 583 3538 recedit3
617 3459 648 3521 et
670 3459 741 3540 plus
764 3459 797 3522 16
820 3477 852 3522 66
875 3459 937 3523 6111
960 3461 1058 3525 666161
1079 3460 1188 3539 habet,
1217 3461 1246 3525 si
1268 3461 1307 3524 ad
1329 3459 1389 3524 hoc

261 3570 384 3633 semper
412 3556 576 3622 nobiscum
604 3562 781 3642 permanet,
804 3565 840 3626 ut
864 3563 918 3644 qui
940 3580 996 3628 nos
1019 3565 1194 3646 praesentia
1215 3582 1387 3646 numquam

211 3648 378 3720 12deserit
400 3677 522 3741 semper
544 3663 686 3743 repudiet
709 3665 832 3730 affectu.
866 3666 918 3730 sed
941 3665 1025 3731 absit
1047 3667 1104 3732 hoc
1126 3668 1163 3732 de
1185 3668 1325 3750 piissimo
1350 3682 1423 3733 aceo

260 3760 547 3827 misericordissimo
577 3764 632 3829 deo
661 3766 760 3846 credi,
792 3769 826 3834 ut
851 3768 890 3832 ad
912 3769 970 3835 hoc
992 3790 1117 3852 semper
1140 3773 1229 3838 nobis
1250 3772 1388 3838 uoluerit

259 3863 418 3942 adsistere,
441 3869 476 3931 ut
499 3885 554 3932 nos
578 3867 693 3934 maiore
712 3870 840 3941 fastidio
856 3874 1019 3957 neglegere
1034 3875 1198 3940 uideretur
1214 3876 1385 3942 adsistens:

260 3965 343 4032 absit
367 3967 424 4032 hoc
446 3970 549 4035 scelus
572 3973 641 4038 dici.
678 3993 769 4040 nemo
793 3979 891 4058 enim,
914 3982 1005 4060 puto,
1032 3979 1084 4044 uel
1105 3979 1138 4043 in
1160 3982 1226 4046 toto
1247 3980 1386 4047 humano

360 4103 453 4158 666.
472 4105 514 4173 6,
532 4107 568 4160 66
671 4107 804 4163 russeo.
823 4109 866 4177 66,
884 4111 919 4166 ao

310 4219 342 4274 12
360 4223 425 4277 iacit
442 4241 505 4294 crgo
523 4227 551 4281 B
646 4229 679 4283 11
695 4230 819 4286 tribuant
836 4233 864 4288 Β
960 4237 994 4291 17
1011 4237 1148 4308 uidelicet]
1168 4239 1271 4294 scilicet
1289 4243 1317 4296 B

256 4303 291 4358 20
308 4307 347 4376 ac]
366 4311 394 4362 ct
412 4310 439 4364 B
504 4383 505 4386 Ἴ
541 4314 574 4369 21
599 4315 662 4383 quia
679 4318 756 4372 nobis
774 4319 802 4373 A
904 4320 938 4376 22
961 4323 1117 4379 testimonio
1134 4326 1162 4380 B
1264 4328 1300 4382 23
1321 4328 1387 4381 mit

257 4393 345 4447 166666
363 4394 390 4448 Β
408 4403 478 4452 661
