3134 5098
266 453 308 521 36
750 450 901 505 Saluiani

267 646 299 706 et
322 641 484 722 exemplis,
508 641 564 706 sed
586 640 652 723 ipso
677 639 802 705 nomine
825 642 917 722 61666
941 639 1146 722 appellatione
1169 641 1276 707 iudicii
1298 645 1390 707 deum

267 743 364 820 etiam
397 742 551 825 praesenti
585 743 706 810 sacculo
743 743 878 809 indicare
915 743 1038 810 diuinae
1071 763 1126 826 per
1160 762 1260 811 sacros
1294 747 1396 812 testes

265 849 390 913 litterae
414 847 556 928 probent.
592 851 645 914 sed
668 846 800 914 forsitan
821 851 922 930 potes,
946 848 979 912 id
994 847 1170 930 specialiter
1192 851 1298 914 saneto
1321 850 1387 914 niro

267 951 362 1016 adeo
392 951 593 1033 praestitum,
626 953 662 1014 ut
685 951 722 1014 16
746 950 932 1016 aduersariis
963 951 1027 1016 eius
1057 951 1198 1035 protinus
1227 943 1387 1017 indicaret.

267 1054 331 1120 dies
352 1072 403 1118 me
425 1053 561 1132 deficiet,
593 1052 621 1117 si
644 1053 682 1117 de
703 1053 916 1136 praesentibus
939 1053 972 1118 in
994 1055 1051 1120 hoc
1082 1055 1197 1121 mundo
1226 1055 1390 1122 sententiis
1418 1079 1431 1118 s

266 1159 360 1238 atque
382 1156 506 1221 indiciis
530 1157 627 1222 uelim
650 1158 760 1224 dicere.
793 1158 982 1240 6611666616,
1006 1162 1041 1222 ut
1057 1157 1218 1224 euidenter
1233 1177 1389 1241 agnoscas

267 1278 430 1326 censuram
452 1277 541 1325 suam
565 1263 596 1325 61
618 1279 746 1326 examen
769 1279 891 1326 sacrum
914 1280 975 1326 non
997 1263 1066 1328 tam
1080 1263 1216 1344 personis
1232 1263 1391 1345 praestare

267 1362 500 1447 permeantis,
525 1364 599 1429 audi
621 1366 772 1447 quomodo
795 1364 886 1428 iudex
910 1364 1001 1445 deus,
1025 1364 1078 1445 qui
1100 1383 1156 1448 pro
1178 1365 1280 1431 Dauid
1303 1382 1390 1430 sorno

267 1486 322 1532 suo
345 1468 535 1533 sententiam
558 1467 686 1533 adsidue
710 1466 887 1536 arridentem
910 1467 1012 1552 dedit,
1036 1468 1143 1532 contra
1166 1467 1265 1532 Dauid
1288 1467 1391 1549 ipsum

269 1572 390 1654 saepius
413 1571 567 1638 iudicarit.
603 1573 635 1636 et
662 1571 787 1654 quidem
816 1571 874 1636 hoc
896 1589 959 1636 non
982 1572 1015 1636 in
1038 1570 1209 1636 6661166666
1230 1570 1397 1636 hominnm·
1405 1597 1431 1636 10

268 1675 392 1758 negotio
426 1678 497 1754 aut,
536 1675 617 1758 quod
649 1674 779 1739 forsitan
812 1675 966 1756 potuisset
999 1675 1092 1739 deum
1124 1673 1226 1757 magis
1259 1692 1396 1753 monere,

268 1782 465 1860 sanctornm,
488 1777 542 1843 sed
565 1779 598 1842 in
621 1795 711 1842 66666
735 1778 766 1842 61
794 1777 887 1842 66166
914 1777 1049 1844 hominis
1071 1778 1104 1843 et
1132 1777 1259 1845 barbari
1286 1777 1318 1842 et
1340 1777 1394 1842 nbi

267 1883 391 1947 tantum
425 1882 528 1946 uirum
561 1899 691 1964 persona
722 1880 848 1963 penitus
882 1899 944 1946 non
973 1881 1176 1964 grauaueret,
1209 1879 1270 1946 nisi
1301 1896 1398 1944 causa

219 1999 258 2064 16
268 1985 444 2051 multasset.
483 1984 647 2049 interfecto
670 1985 746 2049 Uria
768 1982 927 2063 01611666,
950 1985 1076 2049 homine
1100 1985 1203 2069 gentis
1225 1984 1340 2065 impiae
1363 1982 1395 2046 et
1470 2035 1473 2042 .

267 2087 404 2153 nationis
426 2088 581 2161 inimicae,
605 2088 716 2153 statim
737 2087 773 2152 fit
795 2089 834 2152 ad
849 2089 952 2154 Dauid
974 2106 1074 2153 sermo
1098 2087 1240 2152 diuinus:
1269 2087 1392 2152 Uriam
1405 2110 1429 2150 rs
1480 2128 1482 2133 ,

269 2191 502 2257 Chettaeum
545 2191 787 2274 percussisti
830 2191 965 2274 gladio
1002 2193 1039 2254 et
1076 2209 1235 2257 uxorem
1279 2189 1395 2254 illius

263 2295 465 2378 accepisti
494 2313 652 2359 uxorem
675 2295 716 2359 et
736 2293 991 2360 interfecisti
1013 2313 1100 2358 eum
1128 2293 1263 2378 gladio
1285 2292 1394 2358 filio·
1447 2337 1451 2344 -

267 2417 350 2462 rnm
373 2398 554 2463 Ammon:
579 2416 691 2481 quam
713 2399 756 2463 ob
779 2415 860 2462 rem
881 2416 955 2463 non
977 2397 1140 2462 recedet
1166 2395 1325 2482 gladius
1349 2395 1394 2460 de

268 2501 375 2566 domo
397 2504 466 2565 tua
487 2500 668 2582 usquein
691 2499 984 2582 sempiternum.
1016 2501 1154 2582 itaque
1176 2500 1269 2564 haec
1292 2497 1396 2564 dicit

267 2605 468 2670 dominus:
503 2623 588 2669 ecce
622 2622 692 2686 ego
725 2603 929 2670 suscitabo
963 2622 1078 2686 super
1106 2606 1143 2688 te
1176 2602 1322 2668 malum
1350 2603 1430 2667 dero

268 2707 375 2772 domo
407 2713 474 2772 tna
497 2710 533 2771 et
567 2706 708 2772 tollam
741 2723 879 2770 uxores
913 2708 1004 2770 tuas
1026 2705 1067 2770 in
1097 2705 1222 2771 oculis
1252 2708 1332 2771 tuis
1356 2707 1395 2770 61

270 2811 366 2875 1616
387 2811 565 2894 proximo
588 2813 661 2874 tuo.
699 2808 1394 2890 1666166166161161666611166666

269 2931 363 2977 nero
405 2912 547 2978 faciam
590 2915 752 2978 uerbum
794 2911 905 2976 istud
942 2911 980 2975 16
1016 2912 1230 2994 conspeetu
1267 2910 1395 2976 omnis

220 3015 426 3091 171srahel
456 3017 493 3080 et
521 3016 561 3080 in
592 3019 805 3098 conspeetu
835 3016 943 3082 solie.
981 3016 1230 3097 66111161616,
1253 3015 1391 3097 quinon

269 3122 370 3185 solum
392 3111 453 3184 non
475 3119 606 3184 iudicari
623 3137 831 3203 quaecumque
847 3120 979 3203 agimus,
997 3121 1051 3185 sed
1066 3137 1123 3184 666
1137 3117 1249 3199 respici
1265 3119 1389 3183 omnino
1404 3137 1430 3180 rs

268 3225 363 3289 adeo
386 3222 507 3288 eredis?
539 3223 668 3288 uidesne
691 3223 786 3288 etiam
809 3222 1057 3302 666666161116,
1088 3239 1147 3304 666
1170 3221 1272 3287 Dauid
1294 3220 1394 3286 semel

268 3326 372 3408 lapsus
402 3327 464 3402 est,
495 3345 691 3409 6666666666
715 3329 763 3392 161
786 3328 891 3392 oculos
914 3326 1064 3392 afuisset·
1087 3327 1169 3391 unde
1192 3328 1223 3391 et
1247 3328 1299 3410 tu,
1329 3324 1393 3408 qui,

269 3431 309 3495 ad
337 3430 484 3495 solacium
519 3431 653 3496 arbitror
685 3433 881 3513 peccatorum
903 3432 1054 3506 tuorum,
1088 3429 1276 3496 considerari
1304 3431 1393 3494 actus

370 3615 533 3685 1511Reg.
553 3617 594 3682 12,
614 3617 699 3671 e-na

230 3757 232 3768 ’
322 3771 384 3825 116
402 3771 459 3839 ipso
478 3770 526 3824 sed
543 3771 572 3824 in
585 3776 713 3840 pronciat.
732 3771 759 3823 A
851 3771 973 3841 3putes]
992 3773 1068 3841 potes
1086 3773 1114 3826 Β
1209 3771 1324 3827 46166
1343 3785 1394 3824 om.

269 3859 297 3913 Β
314 3861 383 3912 ool
486 3855 520 3910 10
537 3857 664 3910 iudicarit
681 3858 709 3910 A
727 3862 752 3911 61
771 3872 804 3910 coe
822 3856 968 3911 uindicarit
986 3873 1055 3913 corr.
1073 3859 1101 3912 Β
1119 3861 1193 3913 612
1296 3860 1324 3910 16
1342 3872 1393 3910 om.

270 3945 298 3998 B
401 3943 434 3998 13
452 3942 560 4010 penitus
578 3942 776 4010 adgrauauerat
793 3945 821 3997 Β
927 3943 959 3996 14
982 3945 1026 3997 uri
1043 3944 1147 3999 cettheo
1168 3945 1209 4008 A;
1235 3943 1308 3999 ‘fort
1327 3941 1394 3996 Uria

271 4029 897 4103 0161166666666166166166666666616016.
917 4028 1395 4098 ὁΧετταῖος’6·6616Η6166166,661
1456 4044 1460 4050 ·
1558 4047 1559 4072 o

270 4117 302 4170 16
319 4116 346 4170 Β
367 4116 505 4170 leccatore
527 4112 638 4168 66116166
658 4120 793 4183 receptam
811 4133 828 4170 6
844 4132 873 4169 66
891 4118 1056 4186 scorpiorum
1073 4117 1171 4182 Ethe03
1197 4117 1230 4170 io
1248 4117 1395 4185 ordcctppo

269 4202 354 4268 saissa
368 4202 490 4270 poterim
507 4201 592 4254 cetteo
611 4201 726 4254 111166.
745 4216 811 4268 666,
837 4218 906 4270 paor
924 4203 1073 4265 6111661616
1096 4205 1154 4260 1666
1177 4219 1236 4258 ooo
1259 4203 1392 4256 6661616-

270 4287 408 4344 scrcbotor
511 4287 543 4340 16
567 4286 668 4342 61611666
691 4302 808 4354 saproc
832 4288 975 4347 1111666.
999 4291 1028 4345 A
1130 4289 1163 4345 25
1186 4291 1268 4344 adeo
1286 4289 1392 4344 omnino

270 4375 299 4430 Β
402 4373 435 4427 27
454 4373 560 4431 affuisse
577 4373 605 4428 B
708 4374 742 4428 28
759 4374 922 4430 considerare
939 4378 968 4429 A
