3178 5100
278 499 342 565 172
766 491 921 592 Saluitoni

277 706 296 752 a
318 687 383 752 solo
406 685 507 769 patrio
529 685 639 770 degere
661 685 746 749 intra
768 683 890 752 Gallias
912 700 974 748 non
997 681 1190 764 potuerant?
1212 683 1269 746 aut
1289 683 1326 746 ut
1348 700 1411 747 uon

277 792 435 874 degerent,
450 807 543 871 quern
558 787 715 854 timebant
730 805 808 870 quoe
827 787 963 852 inlaesae
978 805 996 852 a
1011 786 1101 850 nobis
1116 785 1269 869 usquead
1285 786 1410 868 tempus

277 893 358 959 illud
381 896 493 959 cuncta
516 893 743 958 uastauerant?
770 889 921 970 rodesto,
944 890 1030 954 intra
1045 888 1166 954 Gallias
1189 888 1409 954 formidabant.

278 996 353 1077 quid
370 995 403 1060 in
425 996 589 1078 Hispania,
614 996 667 1061 ubi
690 994 786 1060 etiam
808 994 961 1060 exercitus
983 996 1105 1059 nostros
1128 992 1273 1059 bellando
1296 993 1411 1058 contri·

281 1101 410 1177 uerant,
448 1099 598 1181 numquid
629 1099 796 1164 consistere
830 1101 885 1162 aut
917 1114 1099 1179 permanere
1132 1095 1316 1164 metuebant
1348 1097 1448 1162 iamr

281 1201 416 1267 uictores
443 1202 506 1268 iam
530 1200 767 1284 triumphantes,
796 1199 909 1283 quibus
932 1217 1028 1281 usque
1054 1198 1198 1264 adhunc
1221 1197 1413 1264 fortitudinis

280 1304 400 1371 iustum
429 1305 605 1389 contigerat
636 1303 815 1380 ascendere,
849 1305 886 1368 ut
913 1306 984 1386 post
1015 1301 1228 1386 experimenta
1255 1301 1332 1368 belli
1358 1301 1414 1368 diu

278 1410 381 1494 parati
403 1408 626 1493 intellegerent
647 1407 877 1473 sibiltomanae
892 1413 938 1472 rei
959 1405 1103 1490 publicae
1125 1405 1206 1472 uires
1229 1404 1326 1472 etiam
1341 1424 1414 1472 cum

279 1511 484 1578 barbarorum
513 1512 634 1577 auxiliis
663 1528 754 1593 pares
784 1529 849 1575 esse
878 1527 941 1574 nou
962 1512 1073 1592 posse?

226 1633 268 1699 54
327 1631 418 1696 Xlll.
452 1631 628 1696 Potuerunt
656 1647 728 1714 ergo
756 1630 823 1695 illic
846 1631 958 1712 degere
980 1648 1036 1695 neo
1064 1628 1229 1696 timebant.
1274 1630 1329 1696 sed
1357 1629 1449 1695 iliam

278 1735 386 1816 utique
414 1734 559 1799 caelestis
591 1751 719 1813 manus,
754 1751 833 1814 quae
862 1752 913 1798 eos
943 1736 982 1798 ad
1009 1732 1168 1816 punienda
1197 1732 1414 1816 Hispanorum

277 1838 401 1922 flagitia
422 1837 499 1903 illue
522 1839 674 1917 traxerat,
703 1838 803 1902 otiam
831 1840 871 1902 ad
896 1840 1082 1904 uastandam
1105 1836 1250 1903 Africam
1279 1837 1415 1902 transire

279 1939 422 2024 cogebat.
445 1939 506 2025 ipsi
528 1943 660 2023 denique
675 1940 857 2007 fatebantur
879 1959 942 2005 non
963 1957 1056 2004 suurn
1079 1943 1243 2023 essequod
1259 1940 1413 2006 facerent:

278 2047 331 2130 agi
354 2044 439 2110 enim
461 2063 494 2109 se
516 2045 620 2110 diuino
642 2045 730 2109 iussu
754 2062 790 2109 ac
812 2045 981 2127 perurgeri.
1006 2063 1043 2110 ex
1065 2061 1125 2126 quo
1147 2044 1290 2136 intellegi
1311 2046 1415 2128 potest

279 2151 399 2231 quanta
420 2147 484 2212 sint
507 2148 591 2212 mala
613 2152 729 2227 nostra,
754 2149 793 2214 ad
816 2166 893 2231 quos
920 2149 1090 2214 uastandos
1112 2149 1206 2231 atque
1229 2147 1450 2214 cruciandosrr

279 2252 326 2316 ire
349 2251 473 2317 barbari
501 2251 732 2334 compelluntur
760 2252 856 2317 inuiti
883 2251 1054 2316 secundum
1074 2251 1155 2316 illud
1181 2252 1308 2331 seilicet,
1333 2251 1415 2334 quod

279 2357 421 2421 uastator
450 2359 551 2421 terrae
573 2355 788 2420 israheliticae
817 2375 871 2420 rex
899 2355 1101 2438 Assyriorum
1130 2355 1191 2422 ait:
1221 2354 1416 2436 numquid

279 2458 364 2526 sine
398 2459 546 2524 domini
578 2459 789 2524 uoluntate
824 2458 986 2523 ascendi
1023 2457 1069 2524 ad
1106 2459 1233 2523 locum
1267 2459 1415 2524 istum?

280 2564 465 2629 domiuus
500 2561 604 2626 dixit
636 2561 748 2627 mihi:
784 2561 956 2627 ascende
990 2563 1035 2626 ad
1069 2565 1216 2627 terram
1252 2561 1350 2628 hano
1380 2565 1417 2628 ct

281 2665 472 2732 demolire
496 2682 586 2730 eam.
614 2667 646 2728 et
662 2664 974 2756 alibisacersermo:
997 2664 1091 2729 haec
1114 2663 1217 2730 dicit
1238 2663 1452 2731 dominuso

281 2771 548 2849 exercituum,
578 2767 864 2833 deus‘lsrahel:
888 2787 976 2833 ecca
1005 2784 1075 2852 ego
1106 2771 1263 2834 mittam
1287 2770 1326 2834 ct
1349 2769 1416 2835 ad·
1446 2781 1449 2786 '

281 2891 431 2938 sumam
453 2871 819 2956 Naboclrodonosor
850 2890 979 2954 regem
1005 2872 1226 2955 Babylonis
1255 2889 1416 2939 ‘seruum

229 2976 420 3055 tbmeum,
453 2979 698 3058 ueniensque
719 2975 923 3058 percutiet
945 2977 1095 3040 terram
1117 2975 1300 3058 Aegypti.
1335 2976 1417 3040 uude

283 3095 449 3162 agnoscere
471 3097 637 3163 possumus
658 3080 772 3144 cuncta
794 3078 936 3161 quidem,
961 3096 1040 3161 quae
1064 3077 1271 3162 adfliguutur,
1301 3077 1417 3144 iudicio

283 3183 332 3250 dei
354 3184 495 3267 percuti,
524 3183 578 3248 scd
600 3188 722 3265 tamen,
750 3185 787 3246 ut
810 3200 901 3264 saepe
924 3181 1112 3260 memorati,
1141 3185 1269 3267 proptor
1291 3184 1455 3264 peccatam

282 3287 430 3352 subuerti.
454 3305 491 3351 ac
512 3305 568 3368 per
590 3285 647 3350 hec
669 3283 816 3368 quicquid
838 3285 942 3350 actum
966 3287 1013 3349 est
1035 3285 1173 3367 peccatis
1195 3301 1258 3349 non
1280 3286 1335 3350 deo
1358 3283 1417 3350 ad·

385 3490 550 3557 ltlsaee,
571 3492 604 3545 10
707 3490 742 3544 20
762 3489 880 3543 Hieram.
899 3489 941 3556 25,
959 3489 985 3544 8.
1011 3488 1054 3556 43,
1074 3490 1106 3543 ll

334 3663 440 3717 lintre
459 3662 486 3717 B
503 3678 524 3717 a.
543 3663 561 3717 l.
659 3664 690 3715 ut
709 3677 761 3716 non
778 3677 851 3716 nora
869 3662 897 3716 B
916 3677 951 3716 erc
967 3677 1021 3715 non
1119 3661 1255 3732 liniesae
1273 3678 1306 3716 aa
1323 3659 1413 3729 inlesa

280 3749 487 3804 Acorr.m.2
590 3748 984 3803 tetoe.acr.om.2A
1067 3747 1345 3803 .40tiamom.B

280 3836 309 3889 in
325 3836 446 3890 bellando
460 3836 488 3892 Β
569 3836 733 3890 contriucret
746 3852 767 3890 o.
780 3853 797 3889 a
808 3852 859 3890 scr.
872 3853 890 3889 n
902 3853 937 3891 m.
949 3839 970 3891 2
981 3837 1016 3902 A,
1029 3836 1094 3890 item
1104 3836 1198 3890 statim
1209 3834 1347 3890 metuebat

281 3922 428 3976 tractum
456 3923 483 3976 B
588 3922 741 3992 contigerat
765 3939 800 3977 ex
824 3924 981 3990 contegeret
999 3922 1027 3975 A
1044 3937 1114 3976 corr.
1132 3924 1204 3976 Μ
1308 3920 1341 3974 12
1368 3936 1420 3974 ua·

281 4007 379 4061 stando
397 4008 424 4061 A
442 4008 494 4074 cfr.
505 4014 628 4077 soporat
640 4011 679 4063 26
784 4009 817 4063 13
836 4009 968 4078 cogebant
981 4013 1079 4078 pocot.
1095 4025 1114 4062 n
1132 4009 1160 4062 A
1266 4006 1299 4061 14
1316 4023 1358 4061 se*
1376 4006 1420 4060 di·

281 4093 629 4163 uiuoiusso(oopcrosor.
642 4097 751 4164 ιιι2ιι)
766 4097 806 4150 A'
891 4095 1029 4164 perurgeri
1047 4109 1081 4149 coc
1099 4110 1140 4148 ·re
1158 4093 1184 4148 A
1199 4097 1346 4150 corr.m.2

282 4179 313 4232 17
333 4179 386 4233 seit
404 4182 431 4233 A
448 4179 507 4246 feeit
524 4181 625 4250 absque
643 4180 726 4236 dubio
743 4183 793 4234 aut
809 4186 842 4235 rot
860 4181 940 4236 babet
957 4180 1077 4250 Bato)
1182 4181 1215 4234 21
1241 4179 1351 4234 mittam
1369 4177 1420 4232 ad·

281 4280 416 4320 summum
442 4267 502 4335 (otc)
530 4267 558 4322 A
679 4266 713 4320 22
740 4267 987 4322 Nabuchodonosor
1013 4268 1046 4334 B¹
1157 4266 1291 4322 babilonis
1317 4266 1346 4319 A

281 4350 316 4404 23
334 4351 445 4406 ueniens
464 4353 617 4422 quipercuti
635 4355 762 4408 ettonem
781 4355 840 4423 (cic)
858 4355 887 4408 A
989 4355 1024 4408 24
1044 4352 1177 4423 possimus
1194 4367 1280 4422 super
1297 4352 1307 4404 i
1324 4366 1376 4405 scr.
1400 4367 1421 4406 ιι

281 4451 316 4491 m.
335 4437 355 4490 2
371 4437 400 4490 A
503 4440 612 4493 cunctos
630 4438 748 4508 quidem,
766 4439 813 4508 qui
831 4440 901 4496 cont.
921 4439 1124 4494 Rittersboctoo
