<?xml version="1.0" encoding="UTF-8"?>
<!DOCTYPE html PUBLIC "-//W3C//DTD XHTML 1.0 Transitional//EN"
    "http://www.w3.org/TR/xhtml1/DTD/xhtml1-transitional.dtd">
<html xmlns="http://www.w3.org/1999/xhtml" xml:lang="en" lang="en">
 <head>
  <title>
</title>
<meta http-equiv="Content-Type" content="text/html;charset=utf-8" />
  <meta name='ocr-system' content='tesseract 3.04.00' />
  <meta name='ocr-capabilities' content='ocr_page ocr_carea ocr_par ocr_line ocrx_word'/>
</head>
<body>
  <div class='ocr_page' id='page_1' title='image "./corpusscriptoru07wissgoog_0262.png"; bbox 0 0 3178 5100; ppageno 0'>
   <div class='ocr_carea' id='block_1_1' title="bbox 521 494 1299 560">
    <p class='ocr_par' dir='ltr' id='par_1_1' title="bbox 521 494 1299 560">
     <span class='ocr_line' id='line_1_1' title="bbox 521 494 1299 560; baseline 0.014 -11"><span class='ocrx_word' id='word_1_1' title='bbox 521 496 560 550; x_wconf 87' lang='lat' dir='ltr'>ad</span> <span class='ocrx_word' id='word_1_2' title='bbox 578 495 756 552; x_wconf 86' lang='lat' dir='ltr'>ecclesiam</span> <span class='ocrx_word' id='word_1_3' title='bbox 778 495 792 550; x_wconf 96' lang='lat' dir='ltr'>I</span> <span class='ocrx_word' id='word_1_4' title='bbox 810 499 824 560; x_wconf 70' lang='grc' dir='ltr'>ξ</span> <span class='ocrx_word' id='word_1_5' title='bbox 841 495 953 549; x_wconf 81' lang='grc'><strong>43-49.</strong></span> <span class='ocrx_word' id='word_1_6' title='bbox 1235 494 1299 560; x_wconf 75' lang='grc'>239</span> 
     </span>
    </p>
   </div>
   <div class='ocr_carea' id='block_1_2' title="bbox 146 682 1350 1598">
    <p class='ocr_par' dir='ltr' id='par_1_2' title="bbox 146 682 1350 1598">
     <span class='ocr_line' id='line_1_2' title="bbox 173 682 1297 770; baseline -0.009 -15"><span class='ocrx_word' id='word_1_7' title='bbox 173 692 230 769; x_wconf 90' lang='lat' dir='ltr'>est,</span> <span class='ocrx_word' id='word_1_8' title='bbox 253 695 290 756; x_wconf 91' lang='lat' dir='ltr'>ut</span> <span class='ocrx_word' id='word_1_9' title='bbox 312 687 435 756; x_wconf 77' lang='lat' dir='ltr'>morbos</span> <span class='ocrx_word' id='word_1_10' title='bbox 458 701 529 752; x_wconf 91' lang='lat' dir='ltr'>snos</span> <span class='ocrx_word' id='word_1_11' title='bbox 551 687 736 770; x_wconf 77' lang='lat' dir='ltr'>languentes</span> <span class='ocrx_word' id='word_1_12' title='bbox 760 685 915 762; x_wconf 77' lang='lat' dir='ltr'><strong>horreant,</strong></span> <span class='ocrx_word' id='word_1_13' title='bbox 946 702 1054 748; x_wconf 86' lang='lat' dir='ltr'>curare</span> <span class='ocrx_word' id='word_1_14' title='bbox 1077 683 1196 766; x_wconf 80' lang='lat' dir='ltr'>plagas·</span> <span class='ocrx_word' id='word_1_15' title='bbox 1209 682 1297 746; x_wconf 86' lang='lat' dir='ltr'>iesti-</span> 
     </span>
     <span class='ocr_line' id='line_1_3' title="bbox 168 783 1298 872; baseline -0.006 -15"><span class='ocrx_word' id='word_1_16' title='bbox 168 795 243 859; x_wconf 88' lang='lat' dir='ltr'>nent</span> <span class='ocrx_word' id='word_1_17' title='bbox 276 793 375 860; x_wconf 81' lang='lat' dir='ltr'><strong>saucii</strong></span> <span class='ocrx_word' id='word_1_18' title='bbox 397 793 429 856; x_wconf 88' lang='lat' dir='ltr'>et</span> <span class='ocrx_word' id='word_1_19' title='bbox 451 791 563 856; x_wconf 92' lang='lat' dir='ltr'>iliooo</span> <span class='ocrx_word' id='word_1_20' title='bbox 595 789 774 872; x_wconf 90' lang='lat' dir='ltr'>corporibus</span> <span class='ocrx_word' id='word_1_21' title='bbox 810 787 942 871; x_wconf 80' lang='lat' dir='ltr'>sagittas</span> <span class='ocrx_word' id='word_1_22' title='bbox 977 787 1101 868; x_wconf 85' lang='lat' dir='ltr'>rapiant</span> <span class='ocrx_word' id='word_1_23' title='bbox 1129 783 1298 850; x_wconf 91' lang='lat' dir='ltr'>uulnerati.</span> 
     </span>
     <span class='ocr_line' id='line_1_4' title="bbox 169 888 1298 980; baseline -0.011 -17"><span class='ocrx_word' id='word_1_24' title='bbox 169 897 285 980; x_wconf 86' lang='lat' dir='ltr'>optime</span> <span class='ocrx_word' id='word_1_25' title='bbox 318 896 402 962; x_wconf 89' lang='lat' dir='ltr'>enim</span> <span class='ocrx_word' id='word_1_26' title='bbox 435 894 593 976; x_wconf 85' lang='lat' dir='ltr'>malagma</span> <span class='ocrx_word' id='word_1_27' title='bbox 627 891 677 956; x_wconf 91' lang='lat' dir='ltr'>uel</span> <span class='ocrx_word' id='word_1_28' title='bbox 711 891 807 955; x_wconf 85' lang='lat' dir='ltr'>fibula</span> <span class='ocrx_word' id='word_1_29' title='bbox 841 890 950 954; x_wconf 89' lang='lat' dir='ltr'>calidis</span> <span class='ocrx_word' id='word_1_30' title='bbox 982 888 1084 953; x_wconf 86' lang='lat' dir='ltr'>adhuc</span> <span class='ocrx_word' id='word_1_31' title='bbox 1113 888 1298 953; x_wconf 87' lang='lat' dir='ltr'>uulneribus</span> 
     </span>
     <span class='ocr_line' id='line_1_5' title="bbox 167 993 1300 1082; baseline -0.01 -16"><span class='ocrx_word' id='word_1_32' title='bbox 167 1002 337 1082; x_wconf 72' lang='lat' dir='ltr'>inponitur,</span> <span class='ocrx_word' id='word_1_33' title='bbox 351 999 395 1064; x_wconf 88' lang='lat' dir='ltr'>et</span> <span class='ocrx_word' id='word_1_34' title='bbox 414 998 509 1064; x_wconf 90' lang='lat' dir='ltr'>citius</span> <span class='ocrx_word' id='word_1_35' title='bbox 533 995 595 1061; x_wconf 91' lang='lat' dir='ltr'>sibi</span> <span class='ocrx_word' id='word_1_36' title='bbox 617 995 782 1077; x_wconf 85' lang='lat' dir='ltr'>plagarum</span> <span class='ocrx_word' id='word_1_37' title='bbox 805 1011 875 1057; x_wconf 89' lang='lat' dir='ltr'>caro</span> <span class='ocrx_word' id='word_1_38' title='bbox 898 993 1045 1074; x_wconf 90' lang='lat' dir='ltr'>sociatur,</span> <span class='ocrx_word' id='word_1_39' title='bbox 1069 1009 1147 1073; x_wconf 88' lang='lat' dir='ltr'>quae</span> <span class='ocrx_word' id='word_1_40' title='bbox 1163 1009 1224 1056; x_wconf 90' lang='lat' dir='ltr'>non</span> <span class='ocrx_word' id='word_1_41' title='bbox 1247 994 1300 1055; x_wconf 90' lang='lat' dir='ltr'>diu</span> 
     </span>
     <span class='ocr_line' id='line_1_6' title="bbox 146 1094 1300 1184; baseline -0.004 -21"><span class='ocrx_word' id='word_1_42' title='bbox 146 1104 254 1168; x_wconf 75' lang='lat' dir='ltr'>chiara</span> <span class='ocrx_word' id='word_1_43' title='bbox 289 1103 493 1184; x_wconf 55' lang='lat' dir='ltr'>permittitur,</span> <span class='ocrx_word' id='word_1_44' title='bbox 528 1100 616 1164; x_wconf 91' lang='lat' dir='ltr'>ulcus</span> <span class='ocrx_word' id='word_1_45' title='bbox 648 1098 762 1179; x_wconf 89' lang='lat' dir='ltr'>quippe</span> <span class='ocrx_word' id='word_1_46' title='bbox 791 1097 823 1161; x_wconf 92' lang='lat' dir='ltr'>in</span> <span class='ocrx_word' id='word_1_47' title='bbox 855 1113 989 1177; x_wconf 75' lang='lat' dir='ltr'>torpore,</span> <span class='ocrx_word' id='word_1_48' title='bbox 1023 1094 1051 1158; x_wconf 90' lang='lat' dir='ltr'>si</span> <span class='ocrx_word' id='word_1_49' title='bbox 1073 1094 1300 1177; x_wconf 83' lang='lat' dir='ltr'>conputruerit,</span> 
     </span>
     <span class='ocr_line' id='line_1_7' title="bbox 168 1201 1300 1286; baseline -0.011 -14"><span class='ocrx_word' id='word_1_50' title='bbox 168 1207 331 1283; x_wconf 86' lang='lat' dir='ltr'>dilatatur,</span> <span class='ocrx_word' id='word_1_51' title='bbox 365 1209 397 1270; x_wconf 91' lang='grc'>11</span> <span class='ocrx_word' id='word_1_52' title='bbox 425 1205 452 1268; x_wconf 88' lang='lat' dir='ltr'>si</span> <span class='ocrx_word' id='word_1_53' title='bbox 481 1203 590 1286; x_wconf 87' lang='lat' dir='ltr'>plagas</span> <span class='ocrx_word' id='word_1_54' title='bbox 623 1217 786 1265; x_wconf 87' lang='lat' dir='ltr'>cancroma</span> <span class='ocrx_word' id='word_1_55' title='bbox 814 1201 964 1281; x_wconf 85' lang='lat' dir='ltr'>sequitur,</span> <span class='ocrx_word' id='word_1_56' title='bbox 999 1215 1146 1263; x_wconf 90' lang='lat' dir='ltr'>cancrum</span> <span class='ocrx_word' id='word_1_57' title='bbox 1176 1215 1300 1262; x_wconf 85' lang='lat' dir='ltr'>necesse</span> 
     </span>
     <span class='ocr_line' id='line_1_8' title="bbox 169 1291 1350 1390; baseline -0.008 -18"><span class='ocrx_word' id='word_1_58' title='bbox 169 1313 218 1374; x_wconf 90' lang='lat' dir='ltr'>est</span> <span class='ocrx_word' id='word_1_59' title='bbox 241 1291 446 1390; x_wconf 86' lang='lat' dir='ltr'>consequatur</span> <span class='ocrx_word' id='word_1_60' title='bbox 469 1323 604 1372; x_wconf 83' lang='lat' dir='ltr'>occasus.</span> <span class='ocrx_word' id='word_1_61' title='bbox 633 1305 781 1387; x_wconf 86' lang='lat' dir='ltr'>fugienda</span> <span class='ocrx_word' id='word_1_62' title='bbox 803 1304 908 1385; x_wconf 88' lang='lat' dir='ltr'>itaque</span> <span class='ocrx_word' id='word_1_63' title='bbox 931 1304 1069 1384; x_wconf 89' lang='lat' dir='ltr'>primum</span> <span class='ocrx_word' id='word_1_64' title='bbox 1092 1301 1167 1365; x_wconf 91' lang='lat' dir='ltr'>haec</span> <span class='ocrx_word' id='word_1_65' title='bbox 1189 1317 1299 1382; x_wconf 89' lang='lat' dir='ltr'>pecca-</span> <span class='ocrx_word' id='word_1_66' title='bbox 1309 1299 1350 1364; x_wconf 83' lang='grc'>47</span> 
     </span>
     <span class='ocr_line' id='line_1_9' title="bbox 170 1406 1300 1490; baseline -0.008 -14"><span class='ocrx_word' id='word_1_67' title='bbox 170 1413 289 1490; x_wconf 88' lang='lat' dir='ltr'>toribus</span> <span class='ocrx_word' id='word_1_68' title='bbox 317 1411 402 1476; x_wconf 88' lang='lat' dir='ltr'>mala</span> <span class='ocrx_word' id='word_1_69' title='bbox 431 1410 505 1474; x_wconf 88' lang='lat' dir='ltr'>sunt</span> <span class='ocrx_word' id='word_1_70' title='bbox 533 1427 589 1473; x_wconf 90' lang='lat' dir='ltr'>nec</span> <span class='ocrx_word' id='word_1_71' title='bbox 618 1407 739 1472; x_wconf 87' lang='lat' dir='ltr'>dandus</span> <span class='ocrx_word' id='word_1_72' title='bbox 769 1406 893 1471; x_wconf 91' lang='lat' dir='ltr'>diabolo</span> <span class='ocrx_word' id='word_1_73' title='bbox 916 1407 1014 1483; x_wconf 89' lang='lat' dir='ltr'>locus,</span> <span class='ocrx_word' id='word_1_74' title='bbox 1044 1409 1079 1469; x_wconf 88' lang='lat' dir='ltr'>ut</span> <span class='ocrx_word' id='word_1_75' title='bbox 1103 1408 1157 1486; x_wconf 88' lang='lat' dir='ltr'>qui</span> <span class='ocrx_word' id='word_1_76' title='bbox 1179 1406 1300 1469; x_wconf 86' lang='lat' dir='ltr'>stantes</span> 
     </span>
     <span class='ocr_line' id='line_1_10' title="bbox 168 1507 1301 1598; baseline -0.008 -20"><span class='ocrx_word' id='word_1_77' title='bbox 168 1515 286 1598; x_wconf 85' lang='lat' dir='ltr'>inpulit</span> <span class='ocrx_word' id='word_1_78' title='bbox 313 1515 347 1580; x_wconf 92' lang='lat' dir='ltr'>in</span> <span class='ocrx_word' id='word_1_79' title='bbox 377 1514 501 1580; x_wconf 88' lang='lat' dir='ltr'>ruinam</span> <span class='ocrx_word' id='word_1_80' title='bbox 532 1511 633 1594; x_wconf 89' lang='lat' dir='ltr'>lapsos</span> <span class='ocrx_word' id='word_1_81' title='bbox 664 1511 850 1593; x_wconf 90' lang='lat' dir='ltr'>praecipitet</span> <span class='ocrx_word' id='word_1_82' title='bbox 872 1513 904 1575; x_wconf 90' lang='lat' dir='ltr'>in</span> <span class='ocrx_word' id='word_1_83' title='bbox 927 1514 1070 1574; x_wconf 91' lang='lat' dir='ltr'>mortem.</span> <span class='ocrx_word' id='word_1_84' title='bbox 1109 1507 1218 1590; x_wconf 89' lang='lat' dir='ltr'>quodsi</span> <span class='ocrx_word' id='word_1_85' title='bbox 1246 1510 1301 1571; x_wconf 88' lang='lat' dir='ltr'>aut</span> 
     </span>
    </p>
   </div>
   <div class='ocr_carea' id='block_1_3' title="bbox 20 1611 1301 1700">
    <p class='ocr_par' dir='ltr' id='par_1_3' title="bbox 20 1611 1301 1700">
     <span class='ocr_line' id='line_1_11' title="bbox 20 1611 1301 1700; baseline -0.004 -20"><span class='ocrx_word' id='word_1_86' title='bbox 20 1675 23 1680; x_wconf 77' lang='grc'>,</span> <span class='ocrx_word' id='word_1_87' title='bbox 133 1620 260 1682; x_wconf 81' lang='lat' dir='ltr'>rotanta</span> <span class='ocrx_word' id='word_1_88' title='bbox 282 1620 330 1682; x_wconf 90' lang='lat' dir='ltr'>uis</span> <span class='ocrx_word' id='word_1_89' title='bbox 350 1616 455 1682; x_wconf 86' lang='lat' dir='ltr'>morbi</span> <span class='ocrx_word' id='word_1_90' title='bbox 478 1619 533 1682; x_wconf 90' lang='lat' dir='ltr'>aut</span> <span class='ocrx_word' id='word_1_91' title='bbox 556 1619 645 1681; x_wconf 89' lang='lat' dir='ltr'>tanta</span> <span class='ocrx_word' id='word_1_92' title='bbox 668 1619 866 1700; x_wconf 88' lang='lat' dir='ltr'>aegrotorum</span> <span class='ocrx_word' id='word_1_93' title='bbox 889 1613 986 1678; x_wconf 82' lang='lat' dir='ltr'>fuerit</span> <span class='ocrx_word' id='word_1_94' title='bbox 1007 1613 1136 1688; x_wconf 89' lang='lat' dir='ltr'>incuria,</span> <span class='ocrx_word' id='word_1_95' title='bbox 1160 1613 1197 1675; x_wconf 91' lang='lat' dir='ltr'>nt</span> <span class='ocrx_word' id='word_1_96' title='bbox 1219 1611 1301 1675; x_wconf 87' lang='lat' dir='ltr'>uali-</span> 
     </span>
    </p>
   </div>
   <div class='ocr_carea' id='block_1_4' title="bbox 132 1715 1351 2938">
    <p class='ocr_par' dir='ltr' id='par_1_4' title="bbox 132 1715 1351 2938">
     <span class='ocr_line' id='line_1_12' title="bbox 169 1715 1300 1800; baseline -0.007 -16"><span class='ocrx_word' id='word_1_97' title='bbox 169 1720 289 1785; x_wconf 86' lang='lat' dir='ltr'>tudinis</span> <span class='ocrx_word' id='word_1_98' title='bbox 312 1720 415 1784; x_wconf 89' lang='lat' dir='ltr'>labem</span> <span class='ocrx_word' id='word_1_99' title='bbox 438 1738 538 1800; x_wconf 87' lang='lat' dir='ltr'>usquc</span> <span class='ocrx_word' id='word_1_100' title='bbox 560 1723 598 1784; x_wconf 89' lang='lat' dir='ltr'>ad</span> <span class='ocrx_word' id='word_1_101' title='bbox 613 1719 680 1784; x_wconf 90' lang='lat' dir='ltr'>dies</span> <span class='ocrx_word' id='word_1_102' title='bbox 702 1718 829 1783; x_wconf 87' lang='lat' dir='ltr'>ultimos</span> <span class='ocrx_word' id='word_1_103' title='bbox 844 1719 962 1794; x_wconf 84' lang='lat' dir='ltr'>trahat,</span> <span class='ocrx_word' id='word_1_104' title='bbox 986 1716 1061 1798; x_wconf 91' lang='lat' dir='ltr'>quid</span> <span class='ocrx_word' id='word_1_105' title='bbox 1076 1716 1177 1780; x_wconf 89' lang='lat' dir='ltr'>dicam</span> <span class='ocrx_word' id='word_1_106' title='bbox 1195 1715 1300 1778; x_wconf 87' lang='lat' dir='ltr'>nescio</span> 
     </span>
     <span class='ocr_line' id='line_1_13' title="bbox 170 1817 1301 1906; baseline -0.007 -18"><span class='ocrx_word' id='word_1_107' title='bbox 170 1824 246 1906; x_wconf 90' lang='lat' dir='ltr'>quid</span> <span class='ocrx_word' id='word_1_108' title='bbox 268 1823 453 1905; x_wconf 86' lang='lat' dir='ltr'>promittam</span> <span class='ocrx_word' id='word_1_109' title='bbox 476 1823 601 1904; x_wconf 88' lang='lat' dir='ltr'>penitus</span> <span class='ocrx_word' id='word_1_110' title='bbox 617 1822 737 1904; x_wconf 90' lang='lat' dir='ltr'>ignoro.</span> <span class='ocrx_word' id='word_1_111' title='bbox 761 1837 906 1886; x_wconf 88' lang='lat' dir='ltr'>reuocare</span> <span class='ocrx_word' id='word_1_112' title='bbox 922 1820 961 1884; x_wconf 92' lang='lat' dir='ltr'>ab</span> <span class='ocrx_word' id='word_1_113' title='bbox 977 1819 1178 1901; x_wconf 83' lang='lat' dir='ltr'>inquisitione</span> <span class='ocrx_word' id='word_1_114' title='bbox 1194 1817 1301 1882; x_wconf 89' lang='lat' dir='ltr'>ultimi</span> 
     </span>
     <span class='ocr_line' id='line_1_14' title="bbox 169 1921 1300 2010; baseline -0.008 -18"><span class='ocrx_word' id='word_1_115' title='bbox 169 1931 298 1993; x_wconf 85' lang='lat' dir='ltr'>remedii</span> <span class='ocrx_word' id='word_1_116' title='bbox 325 1928 537 2010; x_wconf 84' lang='lat' dir='ltr'>periclitantes</span> <span class='ocrx_word' id='word_1_117' title='bbox 567 1926 680 1990; x_wconf 91' lang='lat' dir='ltr'>durum</span> <span class='ocrx_word' id='word_1_118' title='bbox 703 1927 734 1989; x_wconf 90' lang='lat' dir='ltr'>et</span> <span class='ocrx_word' id='word_1_119' title='bbox 763 1925 904 2008; x_wconf 90' lang='lat' dir='ltr'>impium,</span> <span class='ocrx_word' id='word_1_120' title='bbox 934 1925 1084 2006; x_wconf 90' lang='lat' dir='ltr'>spondere</span> <span class='ocrx_word' id='word_1_121' title='bbox 1114 1925 1218 1986; x_wconf 91' lang='lat' dir='ltr'>autem</span> <span class='ocrx_word' id='word_1_122' title='bbox 1242 1921 1300 1984; x_wconf 92' lang='lat' dir='ltr'>ali-</span> 
     </span>
     <span class='ocr_line' id='line_1_15' title="bbox 170 2020 1351 2114; baseline -0.008 -18"><span class='ocrx_word' id='word_1_123' title='bbox 170 2032 244 2114; x_wconf 86' lang='lat' dir='ltr'>quid</span> <span class='ocrx_word' id='word_1_124' title='bbox 274 2035 305 2096; x_wconf 88' lang='grc'>11</span> <span class='ocrx_word' id='word_1_125' title='bbox 335 2036 403 2096; x_wconf 90' lang='lat' dir='ltr'>tam</span> <span class='ocrx_word' id='word_1_126' title='bbox 431 2050 499 2096; x_wconf 88' lang='lat' dir='ltr'>sera</span> <span class='ocrx_word' id='word_1_127' title='bbox 531 2030 688 2096; x_wconf 81' lang='lat' dir='ltr'>curatione</span> <span class='ocrx_word' id='word_1_128' title='bbox 716 2029 928 2094; x_wconf 89' lang='lat' dir='ltr'>temerarium.</span> <span class='ocrx_word' id='word_1_129' title='bbox 968 2028 1034 2091; x_wconf 50' lang='lat' dir='ltr'>sed¹</span> <span class='ocrx_word' id='word_1_130' title='bbox 1051 2027 1163 2091; x_wconf 90' lang='lat' dir='ltr'>melius</span> <span class='ocrx_word' id='word_1_131' title='bbox 1193 2020 1351 2090; x_wconf 87' lang='lat' dir='ltr'>tamen48</span> 
     </span>
     <span class='ocr_line' id='line_1_16' title="bbox 134 2130 1301 2216; baseline -0.009 -16"><span class='ocrx_word' id='word_1_132' title='bbox 134 2140 218 2200; x_wconf 80' lang='lat' dir='ltr'>nest</span> <span class='ocrx_word' id='word_1_133' title='bbox 251 2133 367 2216; x_wconf 85' lang='lat' dir='ltr'>absque</span> <span class='ocrx_word' id='word_1_134' title='bbox 402 2135 495 2200; x_wconf 89' lang='lat' dir='ltr'>dubio</span> <span class='ocrx_word' id='word_1_135' title='bbox 530 2133 673 2216; x_wconf 89' lang='lat' dir='ltr'>quamuis</span> <span class='ocrx_word' id='word_1_136' title='bbox 704 2133 852 2198; x_wconf 90' lang='lat' dir='ltr'>diuturna</span> <span class='ocrx_word' id='word_1_137' title='bbox 886 2131 1022 2214; x_wconf 83' lang='lat' dir='ltr'>paralysi</span> <span class='ocrx_word' id='word_1_138' title='bbox 1055 2130 1157 2194; x_wconf 90' lang='lat' dir='ltr'>aridas</span> <span class='ocrx_word' id='word_1_139' title='bbox 1191 2145 1301 2193; x_wconf 89' lang='lat' dir='ltr'>manus</span> 
     </span>
     <span class='ocr_line' id='line_1_17' title="bbox 169 2232 1300 2319; baseline -0.005 -17"><span class='ocrx_word' id='word_1_140' title='bbox 169 2238 275 2319; x_wconf 91' lang='lat' dir='ltr'>aliquo</span> <span class='ocrx_word' id='word_1_141' title='bbox 298 2241 401 2302; x_wconf 89' lang='lat' dir='ltr'>tamen</span> <span class='ocrx_word' id='word_1_142' title='bbox 426 2237 496 2303; x_wconf 90' lang='lat' dir='ltr'>nisu</span> <span class='ocrx_word' id='word_1_143' title='bbox 519 2238 558 2301; x_wconf 89' lang='lat' dir='ltr'>ad</span> <span class='ocrx_word' id='word_1_144' title='bbox 582 2236 704 2300; x_wconf 89' lang='lat' dir='ltr'>caelum</span> <span class='ocrx_word' id='word_1_145' title='bbox 727 2235 805 2318; x_wconf 89' lang='lat' dir='ltr'>erigi</span> <span class='ocrx_word' id='word_1_146' title='bbox 821 2253 916 2317; x_wconf 93' lang='lat' dir='ltr'>quam</span> <span class='ocrx_word' id='word_1_147' title='bbox 939 2234 1030 2298; x_wconf 89' lang='lat' dir='ltr'>letali</span> <span class='ocrx_word' id='word_1_148' title='bbox 1052 2233 1177 2314; x_wconf 87' lang='lat' dir='ltr'>penitus</span> <span class='ocrx_word' id='word_1_149' title='bbox 1193 2232 1300 2313; x_wconf 90' lang='lat' dir='ltr'>despe-</span> 
     </span>
     <span class='ocr_line' id='line_1_18' title="bbox 168 2337 1300 2419; baseline -0.004 -16"><span class='ocrx_word' id='word_1_150' title='bbox 168 2341 291 2404; x_wconf 90' lang='lat' dir='ltr'>ratione</span> <span class='ocrx_word' id='word_1_151' title='bbox 313 2339 459 2404; x_wconf 90' lang='lat' dir='ltr'>dissolui:</span> <span class='ocrx_word' id='word_1_152' title='bbox 483 2339 596 2403; x_wconf 88' lang='lat' dir='ltr'>melius</span> <span class='ocrx_word' id='word_1_153' title='bbox 618 2341 666 2402; x_wconf 91' lang='lat' dir='ltr'>cst</span> <span class='ocrx_word' id='word_1_154' title='bbox 689 2337 769 2402; x_wconf 92' lang='lat' dir='ltr'>nihil</span> <span class='ocrx_word' id='word_1_155' title='bbox 792 2338 988 2419; x_wconf 91' lang='lat' dir='ltr'>inexpertum</span> <span class='ocrx_word' id='word_1_156' title='bbox 1008 2337 1183 2417; x_wconf 89' lang='lat' dir='ltr'>relinquere</span> <span class='ocrx_word' id='word_1_157' title='bbox 1206 2354 1300 2416; x_wconf 90' lang='lat' dir='ltr'>quam</span> 
     </span>
     <span class='ocr_line' id='line_1_19' title="bbox 169 2438 1299 2522; baseline -0.004 -15"><span class='ocrx_word' id='word_1_158' title='bbox 169 2444 357 2508; x_wconf 89' lang='lat' dir='ltr'>morientem</span> <span class='ocrx_word' id='word_1_159' title='bbox 384 2443 472 2507; x_wconf 90' lang='lat' dir='ltr'>nulla</span> <span class='ocrx_word' id='word_1_160' title='bbox 500 2460 617 2520; x_wconf 88' lang='lat' dir='ltr'>curare,</span> <span class='ocrx_word' id='word_1_161' title='bbox 646 2441 781 2505; x_wconf 86' lang='lat' dir='ltr'>maxime</span> <span class='ocrx_word' id='word_1_162' title='bbox 810 2440 884 2522; x_wconf 90' lang='lat' dir='ltr'>quia</span> <span class='ocrx_word' id='word_1_163' title='bbox 906 2440 1007 2504; x_wconf 88' lang='lat' dir='ltr'>nescio</span> <span class='ocrx_word' id='word_1_164' title='bbox 1030 2457 1071 2502; x_wconf 86' lang='lat' dir='ltr'>an</span> <span class='ocrx_word' id='word_1_165' title='bbox 1093 2440 1127 2503; x_wconf 90' lang='lat' dir='ltr'>in</span> <span class='ocrx_word' id='word_1_166' title='bbox 1151 2438 1299 2503; x_wconf 85' lang='lat' dir='ltr'>extremis</span> 
     </span>
     <span class='ocr_line' id='line_1_20' title="bbox 170 2541 1300 2630; baseline -0.005 -20"><span class='ocrx_word' id='word_1_167' title='bbox 170 2545 290 2629; x_wconf 85' lang='lat' dir='ltr'>aliquid</span> <span class='ocrx_word' id='word_1_168' title='bbox 318 2548 474 2630; x_wconf 86' lang='lat' dir='ltr'>temptare</span> <span class='ocrx_word' id='word_1_169' title='bbox 503 2545 659 2609; x_wconf 86' lang='lat' dir='ltr'>medicina</span> <span class='ocrx_word' id='word_1_170' title='bbox 682 2544 733 2622; x_wconf 90' lang='lat' dir='ltr'>sit,</span> <span class='ocrx_word' id='word_1_171' title='bbox 763 2547 847 2608; x_wconf 89' lang='lat' dir='ltr'>certe</span> <span class='ocrx_word' id='word_1_172' title='bbox 877 2543 956 2607; x_wconf 90' lang='lat' dir='ltr'>nihil</span> <span class='ocrx_word' id='word_1_173' title='bbox 978 2545 1133 2622; x_wconf 89' lang='lat' dir='ltr'>temptare</span> <span class='ocrx_word' id='word_1_174' title='bbox 1155 2541 1300 2622; x_wconf 89' lang='lat' dir='ltr'>perditio.</span> 
     </span>
     <span class='ocr_line' id='line_1_21' title="bbox 132 2646 1298 2732; baseline -0.005 -18"><span class='ocrx_word' id='word_1_175' title='bbox 132 2656 201 2714; x_wconf 81' lang='lat' dir='ltr'>acet</span> <span class='ocrx_word' id='word_1_176' title='bbox 222 2669 320 2714; x_wconf 91' lang='lat' dir='ltr'>unum</span> <span class='ocrx_word' id='word_1_177' title='bbox 343 2651 415 2727; x_wconf 90' lang='lat' dir='ltr'>scio,</span> <span class='ocrx_word' id='word_1_178' title='bbox 439 2649 520 2732; x_wconf 89' lang='lat' dir='ltr'>quod</span> <span class='ocrx_word' id='word_1_179' title='bbox 542 2650 729 2731; x_wconf 77' lang='lat' dir='ltr'>quicumque</span> <span class='ocrx_word' id='word_1_180' title='bbox 751 2649 785 2712; x_wconf 93' lang='lat' dir='ltr'>in</span> <span class='ocrx_word' id='word_1_181' title='bbox 799 2649 878 2712; x_wconf 90' lang='lat' dir='ltr'>hanc</span> <span class='ocrx_word' id='word_1_182' title='bbox 892 2646 1052 2711; x_wconf 89' lang='lat' dir='ltr'>miseriam</span> <span class='ocrx_word' id='word_1_183' title='bbox 1068 2646 1151 2728; x_wconf 88' lang='lat' dir='ltr'>longi</span> <span class='ocrx_word' id='word_1_184' title='bbox 1166 2646 1298 2727; x_wconf 90' lang='lat' dir='ltr'>languo-</span> 
     </span>
     <span class='ocr_line' id='line_1_22' title="bbox 165 2738 1298 2834; baseline -0.004 -17"><span class='ocrx_word' id='word_1_185' title='bbox 165 2753 211 2817; x_wconf 90' lang='lat' dir='ltr'>ris</span> <span class='ocrx_word' id='word_1_186' title='bbox 240 2754 379 2818; x_wconf 84' lang='lat' dir='ltr'>ertrema</span> <span class='ocrx_word' id='word_1_187' title='bbox 406 2753 585 2834; x_wconf 82' lang='lat' dir='ltr'>perduxerit</span> <span class='ocrx_word' id='word_1_188' title='bbox 619 2753 776 2820; x_wconf 86' lang='lat' dir='ltr'>ineffabile</span> <span class='ocrx_word' id='word_1_189' title='bbox 807 2738 895 2818; x_wconf 89' lang='lat' dir='ltr'>dictu</span> <span class='ocrx_word' id='word_1_190' title='bbox 926 2755 974 2816; x_wconf 89' lang='lat' dir='ltr'>est</span> <span class='ocrx_word' id='word_1_191' title='bbox 1003 2752 1156 2834; x_wconf 87' lang='lat' dir='ltr'>qnantum</span> <span class='ocrx_word' id='word_1_192' title='bbox 1179 2751 1298 2814; x_wconf 88' lang='lat' dir='ltr'>lamen-</span> 
     </span>
     <span class='ocr_line' id='line_1_23' title="bbox 169 2854 1299 2938; baseline -0.004 -18"><span class='ocrx_word' id='word_1_193' title='bbox 169 2855 311 2920; x_wconf 90' lang='lat' dir='ltr'>tationis·</span> <span class='ocrx_word' id='word_1_194' title='bbox 324 2855 479 2921; x_wconf 81' lang='lat' dir='ltr'>erroribus</span> <span class='ocrx_word' id='word_1_195' title='bbox 502 2859 566 2922; x_wconf 88' lang='lat' dir='ltr'>suis</span> <span class='ocrx_word' id='word_1_196' title='bbox 590 2857 710 2934; x_wconf 88' lang='lat' dir='ltr'>debeat,</span> <span class='ocrx_word' id='word_1_197' title='bbox 742 2857 795 2938; x_wconf 90' lang='lat' dir='ltr'>qui</span> <span class='ocrx_word' id='word_1_198' title='bbox 823 2874 994 2938; x_wconf 88' lang='lat' dir='ltr'>numquam</span> <span class='ocrx_word' id='word_1_199' title='bbox 1018 2856 1120 2919; x_wconf 89' lang='lat' dir='ltr'>errata</span> <span class='ocrx_word' id='word_1_200' title='bbox 1142 2854 1299 2937; x_wconf 86' lang='lat' dir='ltr'>cognouit.</span> 
     </span>
    </p>
   </div>
   <div class='ocr_carea' id='block_1_5' title="bbox 133 2969 1353 3672">
    <p class='ocr_par' dir='ltr' id='par_1_5' title="bbox 133 2969 1353 3672">
     <span class='ocr_line' id='line_1_24' title="bbox 213 2969 1353 3060; baseline -0.004 -20"><span class='ocrx_word' id='word_1_201' title='bbox 213 2977 253 3040; x_wconf 88' lang='lat' dir='ltr'>X.</span> <span class='ocrx_word' id='word_1_202' title='bbox 285 2978 326 3042; x_wconf 82' lang='grc'>111</span> <span class='ocrx_word' id='word_1_203' title='bbox 348 2977 423 3059; x_wconf 92' lang='lat' dir='ltr'>quid</span> <span class='ocrx_word' id='word_1_204' title='bbox 445 2976 528 3040; x_wconf 88' lang='lat' dir='ltr'>inter</span> <span class='ocrx_word' id='word_1_205' title='bbox 542 2976 616 3042; x_wconf 89' lang='lat' dir='ltr'>haec</span> <span class='ocrx_word' id='word_1_206' title='bbox 633 2977 712 3041; x_wconf 77' lang='lat' dir='ltr'>fiet?</span> <span class='ocrx_word' id='word_1_207' title='bbox 734 2976 856 3059; x_wconf 89' lang='lat' dir='ltr'>quando</span> <span class='ocrx_word' id='word_1_208' title='bbox 873 2974 997 3060; x_wconf 88' lang='lat' dir='ltr'>lugebit</span> <span class='ocrx_word' id='word_1_209' title='bbox 1012 2975 1066 3057; x_wconf 93' lang='lat' dir='ltr'>qui</span> <span class='ocrx_word' id='word_1_210' title='bbox 1082 2973 1148 3039; x_wconf 89' lang='lat' dir='ltr'>dies</span> <span class='ocrx_word' id='word_1_211' title='bbox 1171 2971 1302 3056; x_wconf 89' lang='lat' dir='ltr'>lugendi</span> <span class='ocrx_word' id='word_1_212' title='bbox 1311 2969 1353 3036; x_wconf 84' lang='lat'>49</span> 
     </span>
     <span class='ocr_line' id='line_1_25' title="bbox 169 3076 1302 3163; baseline -0.008 -17"><span class='ocrx_word' id='word_1_213' title='bbox 169 3080 331 3163; x_wconf 86' lang='lat' dir='ltr'>perdidit?</span> <span class='ocrx_word' id='word_1_214' title='bbox 360 3081 481 3162; x_wconf 88' lang='lat' dir='ltr'>quando</span> <span class='ocrx_word' id='word_1_215' title='bbox 503 3079 679 3144; x_wconf 80' lang='lat' dir='ltr'>satisfaciet</span> <span class='ocrx_word' id='word_1_216' title='bbox 702 3082 755 3160; x_wconf 89' lang='lat' dir='ltr'>qui</span> <span class='ocrx_word' id='word_1_217' title='bbox 777 3080 902 3162; x_wconf 87' lang='lat' dir='ltr'>tempus</span> <span class='ocrx_word' id='word_1_218' title='bbox 927 3078 1148 3142; x_wconf 86' lang='lat' dir='ltr'>satisfactionis</span> <span class='ocrx_word' id='word_1_219' title='bbox 1171 3076 1302 3139; x_wconf 83' lang='lat' dir='ltr'>amisit?</span> 
     </span>
     <span class='ocr_line' id='line_1_26' title="bbox 133 3175 1300 3266; baseline -0.011 -15"><span class='ocrx_word' id='word_1_220' title='bbox 133 3187 209 3251; x_wconf 73' lang='lat' dir='ltr'>aad</span> <span class='ocrx_word' id='word_1_221' title='bbox 233 3183 349 3248; x_wconf 88' lang='lat' dir='ltr'>ieiunia</span> <span class='ocrx_word' id='word_1_222' title='bbox 370 3184 518 3248; x_wconf 85' lang='lat' dir='ltr'>uidelicet</span> <span class='ocrx_word' id='word_1_223' title='bbox 542 3184 636 3266; x_wconf 89' lang='lat' dir='ltr'>longa</span> <span class='ocrx_word' id='word_1_224' title='bbox 659 3181 829 3266; x_wconf 84' lang='lat' dir='ltr'>confugiet.</span> <span class='ocrx_word' id='word_1_225' title='bbox 867 3186 915 3246; x_wconf 88' lang='lat' dir='ltr'>est</span> <span class='ocrx_word' id='word_1_226' title='bbox 944 3181 1068 3262; x_wconf 88' lang='lat' dir='ltr'>quidem</span> <span class='ocrx_word' id='word_1_227' title='bbox 1092 3179 1149 3242; x_wconf 89' lang='lat' dir='ltr'>hoo</span> <span class='ocrx_word' id='word_1_228' title='bbox 1172 3175 1300 3260; x_wconf 89' lang='lat' dir='ltr'>aliquid,</span> 
     </span>
     <span class='ocr_line' id='line_1_27' title="bbox 170 3280 1301 3368; baseline -0.006 -18"><span class='ocrx_word' id='word_1_229' title='bbox 170 3287 198 3350; x_wconf 93' lang='lat' dir='ltr'>si</span> <span class='ocrx_word' id='word_1_230' title='bbox 221 3285 423 3368; x_wconf 88' lang='lat' dir='ltr'>eleemosynis</span> <span class='ocrx_word' id='word_1_231' title='bbox 439 3289 619 3364; x_wconf 86' lang='lat' dir='ltr'>misceatur,</span> <span class='ocrx_word' id='word_1_232' title='bbox 644 3285 816 3349; x_wconf 89' lang='lat' dir='ltr'>seeundum</span> <span class='ocrx_word' id='word_1_233' title='bbox 837 3285 936 3349; x_wconf 89' lang='lat' dir='ltr'>illud:</span> <span class='ocrx_word' id='word_1_234' title='bbox 959 3283 1098 3348; x_wconf 90' lang='lat' dir='ltr'>bonum</span> <span class='ocrx_word' id='word_1_235' title='bbox 1121 3285 1180 3346; x_wconf 90' lang='lat' dir='ltr'>est</span> <span class='ocrx_word' id='word_1_236' title='bbox 1202 3280 1301 3344; x_wconf 87' lang='lat' dir='ltr'>ieiu-</span> 
     </span>
     <span class='ocr_line' id='line_1_28' title="bbox 170 3384 1300 3472; baseline -0.007 -18"><span class='ocrx_word' id='word_1_237' title='bbox 170 3391 277 3454; x_wconf 90' lang='lat' dir='ltr'>nium</span> <span class='ocrx_word' id='word_1_238' title='bbox 315 3407 399 3453; x_wconf 91' lang='lat' dir='ltr'>cum</span> <span class='ocrx_word' id='word_1_239' title='bbox 436 3392 695 3472; x_wconf 88' lang='lat' dir='ltr'>eleemosyna.</span> <span class='ocrx_word' id='word_1_240' title='bbox 745 3389 799 3452; x_wconf 89' lang='lat' dir='ltr'>sed</span> <span class='ocrx_word' id='word_1_241' title='bbox 833 3386 984 3469; x_wconf 91' lang='lat' dir='ltr'>quomodo</span> <span class='ocrx_word' id='word_1_242' title='bbox 1019 3387 1047 3450; x_wconf 90' lang='lat' dir='ltr'>ei</span> <span class='ocrx_word' id='word_1_243' title='bbox 1079 3384 1300 3466; x_wconf 82' lang='lat' dir='ltr'>exomologesis</span> 
     </span>
     <span class='ocr_line' id='line_1_29' title="bbox 170 3487 1301 3574; baseline -0.007 -15"><span class='ocrx_word' id='word_1_244' title='bbox 170 3496 320 3559; x_wconf 89' lang='lat' dir='ltr'>diuturna</span> <span class='ocrx_word' id='word_1_245' title='bbox 342 3493 547 3574; x_wconf 85' lang='lat' dir='ltr'>opitulabitur</span> <span class='ocrx_word' id='word_1_246' title='bbox 569 3492 602 3556; x_wconf 88' lang='lat' dir='ltr'>in</span> <span class='ocrx_word' id='word_1_247' title='bbox 626 3493 773 3556; x_wconf 84' lang='lat' dir='ltr'>extremis</span> <span class='ocrx_word' id='word_1_248' title='bbox 797 3487 1076 3557; x_wconf 71' lang='grc'><strong>111111111111111</strong></span> <span class='ocrx_word' id='word_1_249' title='bbox 1099 3505 1208 3554; x_wconf 88' lang='lat' dir='ltr'>carnes</span> <span class='ocrx_word' id='word_1_250' title='bbox 1232 3505 1301 3552; x_wconf 90' lang='lat' dir='ltr'>oon-</span> 
     </span>
     <span class='ocr_line' id='line_1_30' title="bbox 170 3591 1302 3672; baseline -0.007 -11"><span class='ocrx_word' id='word_1_251' title='bbox 170 3596 254 3662; x_wconf 89' lang='lat' dir='ltr'>tcret</span> <span class='ocrx_word' id='word_1_252' title='bbox 282 3614 319 3660; x_wconf 87' lang='lat' dir='ltr'>ac</span> <span class='ocrx_word' id='word_1_253' title='bbox 349 3595 459 3660; x_wconf 85' lang='lat' dir='ltr'>fauilla</span> <span class='ocrx_word' id='word_1_254' title='bbox 488 3599 519 3661; x_wconf 89' lang='lat' dir='ltr'>et</span> <span class='ocrx_word' id='word_1_255' title='bbox 549 3595 650 3660; x_wconf 89' lang='lat' dir='ltr'>cinere</span> <span class='ocrx_word' id='word_1_256' title='bbox 678 3594 860 3672; x_wconf 86' lang='lat' dir='ltr'>sordidabit,</span> <span class='ocrx_word' id='word_1_257' title='bbox 893 3595 930 3659; x_wconf 91' lang='lat' dir='ltr'>ut</span> <span class='ocrx_word' id='word_1_258' title='bbox 957 3593 1128 3658; x_wconf 87' lang='lat' dir='ltr'>mollitiem</span> <span class='ocrx_word' id='word_1_259' title='bbox 1155 3591 1302 3658; x_wconf 89' lang='lat' dir='ltr'>uidelicet</span> 
     </span>
    </p>
   </div>
   <div class='ocr_carea' id='block_1_6' title="bbox 273 3805 494 3873">
    <p class='ocr_par' dir='ltr' id='par_1_6' title="bbox 273 3805 494 3873">
     <span class='ocr_line' id='line_1_31' title="bbox 273 3805 494 3873; baseline -0.009 -11"><span class='ocrx_word' id='word_1_260' title='bbox 273 3807 308 3862; x_wconf 82' lang='lat' dir='ltr'>aa</span> <span class='ocrx_word' id='word_1_261' title='bbox 331 3805 398 3860; x_wconf 78' lang='lat' dir='ltr'>roe.</span> <span class='ocrx_word' id='word_1_262' title='bbox 418 3806 494 3873; x_wconf 74' lang='lat' dir='ltr'>ras</span> 
     </span>
    </p>
   </div>
   <div class='ocr_carea' id='block_1_7' title="bbox 168 4001 1303 4504">
    <p class='ocr_par' dir='ltr' id='par_1_7' title="bbox 168 4001 1303 4504">
     <span class='ocr_line' id='line_1_32' title="bbox 222 4001 1301 4072; baseline -0.005 -13"><span class='ocrx_word' id='word_1_263' title='bbox 222 4005 332 4060; x_wconf 81' lang='lat' dir='ltr'>2illioo</span> <span class='ocrx_word' id='word_1_264' title='bbox 349 4005 377 4060; x_wconf 99' lang='grc' dir='ltr'>Β</span> <span class='ocrx_word' id='word_1_265' title='bbox 479 4004 616 4058; x_wconf 79' lang='grc'><strong>61111111</strong></span> <span class='ocrx_word' id='word_1_266' title='bbox 633 4004 661 4058; x_wconf 91' lang='grc' dir='ltr'><strong><em>Β</em></strong></span> <span class='ocrx_word' id='word_1_267' title='bbox 764 4005 841 4057; x_wconf 78' lang='lat' dir='ltr'>ieet</span> <span class='ocrx_word' id='word_1_268' title='bbox 860 4017 921 4056; x_wconf 90' lang='lat' dir='ltr'>cum</span> <span class='ocrx_word' id='word_1_269' title='bbox 939 4005 1067 4072; x_wconf 88' lang='lat' dir='ltr'>sequatur</span> <span class='ocrx_word' id='word_1_270' title='bbox 1084 4002 1112 4056; x_wconf 91' lang='grc' dir='ltr'><strong><em>Β</em></strong></span> <span class='ocrx_word' id='word_1_271' title='bbox 1209 4001 1301 4055; x_wconf 87' lang='lat' dir='ltr'>8dia-</span> 
     </span>
     <span class='ocr_line' id='line_1_33' title="bbox 170 4088 1234 4156; baseline -0.005 -10"><span class='ocrx_word' id='word_1_272' title='bbox 170 4092 236 4146; x_wconf 86' lang='lat' dir='ltr'>bulo</span> <span class='ocrx_word' id='word_1_273' title='bbox 253 4093 282 4144; x_wconf 98' lang='lat' dir='ltr'><strong><em>A</em></strong></span> <span class='ocrx_word' id='word_1_274' title='bbox 380 4091 413 4145; x_wconf 90' lang='lat'>10</span> <span class='ocrx_word' id='word_1_275' title='bbox 430 4090 597 4144; x_wconf 86' lang='lat' dir='ltr'>ualetudinis</span> <span class='ocrx_word' id='word_1_276' title='bbox 616 4106 650 4144; x_wconf 82' lang='lat' dir='ltr'>cc</span> <span class='ocrx_word' id='word_1_277' title='bbox 666 4091 745 4146; x_wconf 82' lang='lat' dir='ltr'>uelit.</span> <span class='ocrx_word' id='word_1_278' title='bbox 764 4105 833 4145; x_wconf 80' lang='lat' dir='ltr'>corr.</span> <span class='ocrx_word' id='word_1_279' title='bbox 851 4090 961 4144; x_wconf 65' lang='grc'><strong>11211</strong></span> <span class='ocrx_word' id='word_1_280' title='bbox 1058 4089 1090 4143; x_wconf 89' lang='grc'>11</span> <span class='ocrx_word' id='word_1_281' title='bbox 1109 4089 1187 4156; x_wconf 90' lang='lat' dir='ltr'>usqui</span> <span class='ocrx_word' id='word_1_282' title='bbox 1205 4088 1234 4142; x_wconf 89' lang='lat' dir='ltr'><strong><em>B</em></strong></span> 
     </span>
     <span class='ocr_line' id='line_1_34' title="bbox 171 4171 1301 4245; baseline -0.005 -14"><span class='ocrx_word' id='word_1_283' title='bbox 171 4178 205 4232; x_wconf 77' lang='lat'>12</span> <span class='ocrx_word' id='word_1_284' title='bbox 229 4176 354 4245; x_wconf 83' lang='lat' dir='ltr'>poenitus</span> <span class='ocrx_word' id='word_1_285' title='bbox 370 4176 398 4230; x_wconf 89' lang='grc' dir='ltr'><strong><em>Β</em></strong></span> <span class='ocrx_word' id='word_1_286' title='bbox 501 4177 534 4231; x_wconf 88' lang='grc'>15</span> <span class='ocrx_word' id='word_1_287' title='bbox 556 4175 669 4244; x_wconf 79' lang='lat' dir='ltr'>paralisi</span> <span class='ocrx_word' id='word_1_288' title='bbox 694 4176 722 4231; x_wconf 99' lang='grc' dir='ltr'>Β</span> <span class='ocrx_word' id='word_1_289' title='bbox 824 4175 858 4228; x_wconf 89' lang='grc'>16</span> <span class='ocrx_word' id='word_1_290' title='bbox 876 4175 986 4229; x_wconf 86' lang='lat' dir='ltr'>tandem</span> <span class='ocrx_word' id='word_1_291' title='bbox 1000 4189 1054 4242; x_wconf 80' lang='lat' dir='ltr'>pro</span> <span class='ocrx_word' id='word_1_292' title='bbox 1071 4176 1163 4226; x_wconf 89' lang='lat' dir='ltr'>tamen</span> <span class='ocrx_word' id='word_1_293' title='bbox 1182 4173 1223 4227; x_wconf 87' lang='lat' dir='ltr'>od.</span> <span class='ocrx_word' id='word_1_294' title='bbox 1242 4171 1301 4226; x_wconf 86' lang='lat' dir='ltr'>Ba-</span> 
     </span>
     <span class='ocr_line' id='line_1_35' title="bbox 168 4259 1303 4331; baseline -0.004 -15"><span class='ocrx_word' id='word_1_295' title='bbox 168 4263 262 4317; x_wconf 78' lang='lat' dir='ltr'>laae&#39;us</span> <span class='ocrx_word' id='word_1_296' title='bbox 348 4262 529 4331; x_wconf 84' lang='lat' dir='ltr'>disperatione</span> <span class='ocrx_word' id='word_1_297' title='bbox 545 4262 601 4318; x_wconf 89' lang='lat' dir='ltr'>AB</span> <span class='ocrx_word' id='word_1_298' title='bbox 641 4295 644 4300; x_wconf 91' lang='lat'>-</span> <span class='ocrx_word' id='word_1_299' title='bbox 688 4261 722 4316; x_wconf 81' lang='lat'>22</span> <span class='ocrx_word' id='word_1_300' title='bbox 740 4263 799 4331; x_wconf 87' lang='lat' dir='ltr'>qui]</span> <span class='ocrx_word' id='word_1_301' title='bbox 817 4261 880 4330; x_wconf 89' lang='lat' dir='ltr'>quia</span> <span class='ocrx_word' id='word_1_302' title='bbox 896 4277 916 4330; x_wconf 84' lang='lat' dir='ltr'>p</span> <span class='ocrx_word' id='word_1_303' title='bbox 933 4261 1080 4328; x_wconf 64' lang='grc'><strong>11111111</strong></span> <span class='ocrx_word' id='word_1_304' title='bbox 1172 4259 1303 4314; x_wconf 72' lang='grc'><strong>1411111.</strong></span> 
     </span>
     <span class='ocr_line' id='line_1_36' title="bbox 169 4345 1303 4417; baseline -0.004 -13"><span class='ocrx_word' id='word_1_305' title='bbox 169 4349 336 4404; x_wconf 85' lang='lat' dir='ltr'>factionibus</span> <span class='ocrx_word' id='word_1_306' title='bbox 359 4349 387 4404; x_wconf 99' lang='grc' dir='ltr'>Β</span> <span class='ocrx_word' id='word_1_307' title='bbox 434 4385 436 4390; x_wconf 69' lang='lat'>,</span> <span class='ocrx_word' id='word_1_308' title='bbox 494 4347 529 4402; x_wconf 81' lang='lat'>26</span> <span class='ocrx_word' id='word_1_309' title='bbox 552 4349 709 4417; x_wconf 82' lang='lat' dir='ltr'>elemosynis</span> <span class='ocrx_word' id='word_1_310' title='bbox 731 4347 760 4401; x_wconf 91' lang='lat' dir='ltr'><strong><em>A</em></strong></span> <span class='ocrx_word' id='word_1_311' title='bbox 787 4348 942 4417; x_wconf 83' lang='lat' dir='ltr'>elymosinis</span> <span class='ocrx_word' id='word_1_312' title='bbox 965 4347 993 4400; x_wconf 93' lang='lat' dir='ltr'><em>B</em></span> <span class='ocrx_word' id='word_1_313' title='bbox 1095 4345 1127 4399; x_wconf 78' lang='grc'>21</span> <span class='ocrx_word' id='word_1_314' title='bbox 1151 4347 1303 4416; x_wconf 86' lang='lat' dir='ltr'>elemosyna</span> 
     </span>
     <span class='ocr_line' id='line_1_37' title="bbox 169 4433 773 4504; baseline -0.003 -14"><span class='ocrx_word' id='word_1_315' title='bbox 169 4437 198 4490; x_wconf 91' lang='lat' dir='ltr'><strong><em>A</em></strong></span> <span class='ocrx_word' id='word_1_316' title='bbox 227 4435 377 4504; x_wconf 89' lang='lat' dir='ltr'>elymosina</span> <span class='ocrx_word' id='word_1_317' title='bbox 394 4435 421 4488; x_wconf 92' lang='grc' dir='ltr'>Β</span> <span class='ocrx_word' id='word_1_318' title='bbox 525 4434 727 4504; x_wconf 87' lang='lat' dir='ltr'>exomologessie</span> <span class='ocrx_word' id='word_1_319' title='bbox 745 4433 773 4488; x_wconf 92' lang='grc' dir='ltr'>Β</span> 
     </span>
    </p>
   </div>
   <div class='ocr_carea' id='block_1_8' title="bbox 0 0 1594 5100">
    <p class='ocr_par' dir='ltr' id='par_1_8' title="bbox 0 0 1594 5100">
     <span class='ocr_line' id='line_1_38' title="bbox 0 0 1594 5100; baseline 0 0"><span class='ocrx_word' id='word_1_320' title='bbox 0 0 1594 5100; x_wconf 95' lang='lat' dir='ltr'> </span> 
     </span>
    </p>
   </div>
  </div>
 </body>
</html>
