3172 5098
294 479 360 546 304
782 476 939 531 Scluieni

265 667 366 752 9plus
397 667 533 752 diliget?
570 686 607 734 cc
635 666 680 734 sio
701 667 739 733 fit
761 670 799 732 ut
819 666 1110 744 solucuturomniu
1132 669 1165 730 et
1187 669 1372 732 euenosoont
1395 666 1427 730 et

295 771 460 852 intereant,
489 790 588 854 neque
615 771 718 836 ullum
745 772 814 854 quis
843 769 989 836 uiliorem
1013 769 1244 852 habeatqucm
1267 770 1427 852 seipsum

295 893 395 957 neque
416 875 518 940 ullum
540 873 719 941 interiorem
742 892 837 957 quum
858 877 960 940 deum.
990 874 1018 938 si
1040 874 1125 940 enirn
1147 873 1250 939 ullum
1272 876 1320 938 est
1342 873 1426 937 tem-

295 998 363 1064 pus,
387 996 446 1061 quo
470 977 509 1044 eb
533 976 638 1059 aliquo
669 977 770 1060 possit
792 977 869 1042 deus
892 975 1050 1043 adfinibus
1072 983 1128 1043 eut
1149 975 1334 1060 propinquis
1356 975 1426 1040 iure

294 1081 448 1167 postponi,
484 1081 609 1146 nullum
635 1083 692 1162 est,
728 1099 788 1163 quo
817 1082 919 1164 possit
947 1081 1016 1146 iuro
1037 1079 1202 1164 praeponi:
1237 1079 1286 1145 siu
1307 1080 1460 1161 eutem,s

295 1189 375 1267 quod
397 1201 509 1249 uerum
530 1185 587 1263 est,
610 1182 734 1248 nullum
756 1185 806 1249 est
827 1185 952 1250 omnino
975 1189 1110 1268 tempus,
1141 1201 1200 1267 quo
1227 1199 1288 1250 non
1311 1180 1426 1247 debeet

295 1288 453 1370 anteponi,
475 1287 600 1352 nullum
624 1290 672 1350 est
694 1285 821 1352 omnino
839 1289 975 1370 tempus,
998 1306 1059 1370 quo
1074 1287 1173 1370 possit
1188 1287 1255 1352 inre
1269 1284 1424 1368 postponi.

295 1390 419 1455 nullum
453 1391 570 1472 utique,
605 1395 636 1456 et
663 1389 733 1456 ideo
756 1410 794 1456 ne
815 1394 850 1458 in
879 1394 1026 1458 extremis
1055 1390 1192 1474 quidem,
1226 1390 1300 1472 quic
1328 1388 1425 1453 etiem

295 1493 416 1558 iustum
448 1492 606 1557 hominem
639 1495 789 1577 prophete
811 1495 845 1560 in
872 1496 933 1572 die,
968 1515 1028 1579 que
1058 1493 1217 1568 errauerit,
1252 1492 1329 1560 dicit
1357 1509 1424 1557 esse

245 1595 478 1676 10pcriturum.
514 1597 620 1676 itaque
641 1597 668 1660 si
691 1599 791 1662 omnis
814 1616 899 1663 error
922 1599 1054 1664 errantis
1076 1596 1248 1680 perditione
1270 1596 1460 1660 multatur-o

296 1701 327 1764 et
354 1698 403 1764 his
432 1717 552 1782 quoquo
586 1699 742 1766 erroribus
774 1701 843 1766 uite
875 1700 1038 1766 hominum
1071 1699 1277 1783 periclitetur,
1309 1697 1425 1780 quibus

295 1802 411 1867 usitate
438 1807 532 1883 etque
561 1805 769 1869 communiter
798 1803 977 1869 innocentie
998 1805 1136 1870 humane
1157 1804 1319 1885 polluitur,
1349 1802 1424 1884 quid

295 1905 437 1974 futurum
460 1905 687 1985 existimemus,
710 1907 766 1973 ubi
787 1910 820 1972 in
842 1907 935 1974 deum
957 1911 1060 1990 ipsum
1083 1906 1263 1974 detestabili
1285 1906 1423 1971 infideli·

295 2011 361 2074 tate
384 2013 553 2090 peccetur?
589 2010 624 2074 si
646 2011 762 2088 enim,
795 2010 901 2093 inquit
922 2011 1091 2094 apostolus,
1116 2011 1241 2076 omnis
1263 2009 1424 2074 inoboe-

296 2112 448 2177 dientie
491 2115 638 2179 iustam
675 2114 825 2198 eooipit
867 2114 1060 2180 mercedis
1097 2113 1458 2194 retributionem,1o
1566 2109 1567 2114 ’

295 2234 367 2297 quo
390 2217 500 2280 modo
523 2235 592 2283 nos
615 2216 866 2300 effugiemus,
898 2217 930 2280 si
953 2219 1107 2282 tentem
1129 2215 1425 2300 neglexerimus

295 2318 484 2384 salutem?
517 2320 624 2384 nullus
648 2321 753 2384 eutem
776 2323 910 2386 salutem
932 2338 1037 2384 ueram
1062 2319 1135 2403 plus
1156 2319 1306 2404 neglegit,
1330 2336 1424 2401 quem

295 2420 349 2503 qni
371 2423 426 2486 deo
455 2421 573 2504 aliquid
602 2423 772 2506 anteponit.
811 2441 881 2488 oum
906 2423 990 2487 enim
1012 2424 1097 2488 selus
1120 2424 1226 2488 nostre
1248 2441 1365 2487 munus
1388 2440 1423 2487 ec

294 2523 508 2590 misericordie
537 2524 587 2591 dei
616 2525 667 2608 sit,
696 2545 775 2608 quse
803 2526 831 2590 ei
860 2528 939 2593 ratio
968 2529 1197 2610 consequendae
1226 2526 1340 2591 salutis
1365 2527 1422 2603 est,
1565 2613 1566 2616 Ἴ

295 2629 348 2708 qui
378 2628 470 2692 deum
501 2630 603 2712 ipsum
632 2629 771 2711 despicit,
802 2629 835 2694 in
864 2633 952 2696 cuius
975 2630 1188 2696 misericordie
1209 2629 1293 2694 selus
1317 2628 1457 2693 nostran
1565 2617 1566 2631 ¹

245 2732 283 2795 11
296 2733 460 2798 consistit?
498 2733 553 2796 eut
575 2751 646 2797 cum
669 2732 761 2798 iudex
784 2734 815 2798 et
837 2733 982 2800 uiuorum
1005 2735 1048 2799 sit
1071 2736 1146 2800 deus
1169 2739 1200 2798 et
1216 2737 1423 2814 mortuorum,

296 2853 373 2917 quae
396 2836 425 2900 oi
449 2853 517 2916 spes
540 2837 573 2900 in
596 2836 645 2900 dei
661 2835 775 2902 iudicio
791 2855 858 2902 esse
873 2838 998 2921 poterit,
1022 2839 1074 2920 qui
1091 2857 1162 2902 enm
1178 2837 1273 2901 etiam
1288 2835 1423 2900 moriens

295 2938 410 3004 iudicio
441 2955 495 3002 suo
523 2941 686 3021 spreuerit,
718 2958 817 3022 equo
848 2943 895 3006 est
917 2941 1026 3007 stetim
1050 2945 1193 3006 mortuus
1215 2939 1424 3004 iudicandus?

295 3042 328 3104 et
355 3042 434 3125 ideo,
463 3046 499 3105 ut
527 3044 682 3124 scripture
710 3043 818 3108 diuina
841 3046 895 3121 ait,
925 3044 963 3110 in
986 3061 1057 3126 quo
1081 3043 1231 3108 iudicio
1255 3041 1423 3122 iudicat,

295 3144 335 3209 in
368 3163 409 3210 eo
441 3144 691 3211 iudicabitur
719 3146 765 3211 de
793 3166 851 3226 eo,
886 3149 944 3213 hoo
973 3151 1036 3212 est:
1071 3166 1131 3230 quo
1160 3146 1273 3212 iudicio
1304 3146 1456 3210 iudicato

295 3247 333 3312 de
366 3250 432 3328 deo,
467 3268 502 3314 eo
536 3251 601 3332 ipse
634 3249 825 3316 iudicabitur
857 3269 876 3316 e
905 3252 972 3327 deo,
1007 3270 1105 3336 neque
1137 3249 1280 3333 iniquum
1314 3252 1424 3334 putere

295 3351 421 3433 poterit,
444 3351 557 3416 sicum
581 3352 703 3417 cunctis
726 3352 759 3416 in
782 3354 888 3421 futuro
904 3354 1048 3420 dominus
1069 3353 1288 3441 postposuerit,
1313 3354 1368 3436 qni
1391 3353 1422 3418 in

296 3455 453 3537 praesenti
488 3459 579 3521 deum
613 3455 733 3520 cunctis
768 3458 834 3538 ipse
867 3459 1037 3539 postponit,
1072 3476 1129 3523 nec
1162 3457 1258 3539 queri,
1293 3456 1321 3520 si
1353 3475 1423 3523 eum

397 3641 414 3695 e
432 3641 525 3694 seon.
543 3641 588 3696 111
606 3641 641 3697 eo
745 3643 778 3698 14
794 3605 876 3697 nece.
894 3644 918 3708 2,
937 3643 953 3698 e
1055 3643 1090 3698 24
1107 3643 1205 3700 uetes.
1225 3644 1240 3699 r

347 3813 361 3866 1
381 3819 540 3868 euanesccnt
558 3829 592 3866 cc
611 3816 683 3868 scut
699 3829 768 3868 corr.
786 3816 894 3870 m.1A
998 3819 1027 3870 et
1044 3815 1180 3870 intereunt
1198 3832 1260 3870 cem
1278 3817 1294 3870 b
1311 3816 1421 3886 scripsi·

295 3913 369 3952 mco:
396 3899 531 3952 intereunt
556 3899 611 3952 AB
638 3901 825 3969 intereuntque
848 3917 909 3956 cem
924 3917 946 3969 p
964 3902 1096 3958 Halmius
1199 3902 1369 3957 Aelfiuibus
1389 3918 1422 3958 cc

295 3985 350 4040 adl.
369 4001 437 4040 corr.
450 3988 517 4039 Μ
534 3985 590 4040 AB
684 3988 701 4042 5
718 3988 996 4056 nullum-proeponi
1013 3989 1040 4042 A
1052 3990 1084 4042 c'oo
1095 4004 1183 4058 marg·
1195 3989 1275 4044 cobet
1286 3992 1355 4044 Μ

295 4070 403 4124 domni
421 4086 442 4124 c.
460 4086 512 4125 scr.
532 4087 566 4125 no
584 4074 650 4125 Μ
667 4072 694 4125 A
793 4074 931 4142 9profetu
948 4076 976 4127 A
1075 4075 1108 4128 14
1125 4075 1198 4130 omui
1214 4091 1235 4132 e.
1253 4091 1306 4130 scr.
1325 4091 1338 4130 s
1356 4078 1422 4130 Μ

295 4157 322 4210 Β
416 4156 601 4226 inobydientia
619 4158 646 4211 Β
663 4165 688 4213 ct
704 4175 725 4213 s.
743 4176 761 4227 y
778 4175 829 4214 scr.
847 4177 862 4214 e
879 4164 943 4216 Μ
960 4161 988 4214 Α
1006 4162 1065 4228 (sic)
1162 4162 1195 4215 16
1213 4161 1372 4230 effugiemus
1389 4177 1422 4217 ec

297 4259 386 4298 -emus
404 4259 475 4299 corr.
492 4247 559 4299 Μ
576 4245 604 4300 Β
702 4246 734 4300 18
753 4251 785 4299 cu
803 4263 837 4301 coc
855 4263 901 4310 cnr
918 4263 986 4303 corr.
1005 4251 1072 4302 Μ
1089 4248 1118 4302 Β
1210 4248 1249 4302 20
1267 4247 1377 4316 dispicit
1394 4250 1421 4304 A

296 4328 368 4397 desp.
387 4346 420 4384 coo
437 4329 504 4399 disp.
523 4346 592 4386 corr.
611 4347 644 4389 m.
662 4334 682 4386 2
700 4332 728 4386 Β
831 4333 866 4386 24
883 4334 1015 4388 scribtura
1031 4335 1060 4387 A
1157 4335 1198 4389 eit
1216 4333 1309 4387 diuina
1325 4335 1354 4387 B

296 4415 330 4468 28
352 4416 443 4483 quaeri
459 4417 515 4470 AB
532 4417 580 4472 sed
598 4418 626 4472 Β
643 4433 712 4473 eoru.
730 4434 764 4472 m.
782 4434 834 4473 rec.
859 4419 934 4487 queri
952 4422 1041 4489 potest
1058 4426 1084 4476 ct
1100 4420 1139 4474 eo‘c
1158 4421 1198 4474 eo.
1218 4420 1354 4474 Bolueius
1388 4482 1391 4487 ,

518 4625 555 4648 f
