3134 5098
494 457 532 510 de
550 455 686 526 gubern.
706 455 759 512 dei
777 457 792 512 1
811 462 826 524 5
844 457 956 514 31-35.
1188 506 1191 513 ·
1236 461 1287 540 ,li

157 649 310 712 terrum
337 646 603 729 quadraginta
630 645 770 714 diebus
793 649 832 712 et
860 647 1134 733 quadraginta
1163 649 1287 716 noeti·

157 751 237 817 bus.
271 752 304 816 et
325 748 420 832 penio
442 749 528 831 post:
559 753 791 833 consumpta
819 752 878 818 eet
907 753 1033 818 omnis
1055 770 1159 831 cero,
1190 772 1288 836 quse

155 852 394 918 mouebatur
416 870 532 935 super
555 856 714 920 terrem.
749 856 781 919 et
806 852 971 938 deinceps:
1004 855 1203 922 remansit
1226 874 1287 922 su·

50 954 53 958 ’
155 959 237 1022 tem
259 957 368 1022 solus
385 955 463 1022 Noe
485 956 524 1021 et
546 955 613 1040 qui
636 973 719 1023 eum
742 959 918 1024 ederent
939 960 1100 1024 inanes.
1132 957 1183 1024 hie
1206 976 1289 1024 nune

155 1063 314 1143 requirere
348 1060 387 1124 ab
414 1059 478 1124 illis
508 1059 590 1138 uelo,
625 1058 679 1144 qui
711 1060 904 1126 incuriosum
936 1079 1041 1128 rernm
1075 1062 1288 1128 humansrum

155 1164 319 1248 appellunt
352 1166 459 1242 deum,
493 1181 532 1228 en
562 1162 618 1228 iile
648 1164 787 1246 tempore
808 1153 859 1229 uei
882 1181 1008 1230 curasse
1030 1164 1288 1233 eum-terrestris

62 1337 64 1340 ,
155 1269 289 1334 eredunt
317 1267 367 1332 uel
394 1266 574 1332 iudieessei
606 1269 682 1350 puto
711 1269 796 1334 enim
823 1286 886 1334 nun
912 1268 1065 1334 iudicauit
1087 1269 1211 1334 tantum
1233 1269 1288 1334 sed

155 1371 257 1436 etiem
287 1369 454 1453 duplieiter
482 1369 653 1449 iudiesuit3
687 1389 763 1436 num
790 1374 825 1436 et
845 1372 921 1438 dum
950 1371 1057 1438 seruet
1078 1370 1176 1437 bones
1198 1371 1287 1454 pium

154 1493 191 1540 se
212 1473 450 1553 retributorem,
479 1474 512 1539 et
541 1474 618 1542 dum
647 1475 833 1542 condemnet
862 1475 963 1542 mulos
984 1494 1130 1542 seuerum
1153 1476 1287 1542 iudicem

115 1575 385 1661 reeomprobeuit.
420 1578 475 1643 sed
507 1577 583 1644 hnee
615 1577 747 1646 forsitan
780 1578 862 1664 apud
891 1579 1016 1659 stultus,
1046 1578 1121 1662 quia
1141 1582 1216 1644 ente
1240 1579 1340 1648 ‹ii-34

152 1680 297 1758 lunium,
318 1682 352 1747 id
373 1684 437 1759 est,
461 1684 549 1764 qussi
572 1682 633 1748 alie
655 1683 790 1765 quodem
812 1683 934 1750 saeculo
957 1682 1045 1766 geste
1067 1682 1157 1764 sunt,
1181 1683 1286 1746 minus

153 1784 356 1852 auctoritatis
377 1784 491 1852 hebere
512 1785 693 1853 uideantur:
723 1785 810 1870 quasi
833 1804 907 1852 uero
930 1790 984 1851 aut
1006 1785 1083 1852 tune
1105 1785 1186 1851 elius
1209 1785 1286 1850 deus

153 1889 256 1954 fuerit
277 1888 333 1954 sut
354 1891 463 1972 postea
484 1886 614 1954 eundem
636 1887 744 1954 mundi
766 1906 873 1954 eurem
895 1886 1011 1954 hebere
1032 1887 1179 1953 noluerit.
1213 1905 1286 1972 pus-

153 2011 229 2056 sum
252 1991 379 2075 quidem
400 1990 505 2056 diuino
528 2010 656 2057 munere
683 1990 898 2074 persingulas
920 1994 990 2073 post
1013 1990 1169 2079 diluuium
1191 2008 1286 2076 gene-

117 2097 294 2162 rsrationes
316 2095 444 2176 probare
475 2113 552 2177 quae
576 2095 657 2169 dieu,
688 2097 744 2160 sed
766 2097 799 2159 et
819 2095 991 2160 enormitas
1014 2097 1103 2160 nutet
1124 2097 1157 2159 et
1178 2097 1286 2167 temen

153 2201 244 2264 uerte
266 2198 419 2281 quaedum
437 2215 474 2262 ue
488 2196 608 2263 meiere
625 2197 795 2277 suffieiunt‚
819 2198 903 2280 quia,
925 2216 997 2263 eum
1011 2196 1096 2262 idem
1110 2196 1154 2262 sit
1169 2197 1286 2280 absque

154 2301 253 2367 dnbio
276 2301 429 2368 maiorum
458 2302 575 2386 pariter
598 2320 633 2367 sc
655 2301 812 2367 miuorum
834 2301 920 2382 deus,
943 2301 977 2366 id
997 2300 1135 2384 proiecte
1157 2300 1285 2367 intelle·

153 2405 294 2490 gendum
316 2407 417 2471 estin
439 2404 622 2490 minoribns,
645 2405 726 2487 qued
747 2405 781 2469 in
803 2404 972 2470 maioribus
996 2403 1226 2488 eomprobutur.

201 2507 289 2575 VIII.
313 2509 416 2592 Igitur
438 2512 602 2594 cumpost
625 2509 782 2576 diluuium
797 2505 989 2594 generationi
1011 2507 1173 2574 huminum
1190 2508 1338 2577 bene-35

114 2613 287 2680 indixisset
317 2613 408 2691 deus,
437 2613 623 2680 immensam
653 2613 815 2678 hominum
843 2613 1079 2678 multitudinem
1111 2610 1285 2677 benedictio

152 2719 224 2800 ipen
245 2721 434 2801 generasset,
458 2716 597 2799 loquitur
619 2717 659 2782 ad
681 2715 843 2782 Abraham
866 2715 1012 2781 dominus
1035 2736 1051 2780 e
1075 2715 1175 2796 eaelo,
1197 2712 1286 2778 iubet

153 2824 196 2886 ut
218 2821 339 2886 deseret
367 2825 484 2887 terrem
514 2840 613 2904 suum,
643 2819 782 2904 inquiret
811 2820 956 2886 alienum.
989 2821 1121 2884 uocetur
1144 2815 1286 2898 sequitur

153 2923 323 2990 adducitur
345 2923 536 3002 comedetur,
559 2923 597 2988 fit
619 2924 657 3000 de
679 2941 813 3006 paupere
833 2923 973 3006 loeuples
987 2924 1026 2989 de
1041 2922 1146 3005 ignoto
1162 2923 1284 3004 petens,

152 3025 284 3092 infimus
305 3025 551 3110 peregrinatione
575 3025 852 3092 exeellenttssimus
876 3025 1041 3106 dignitate.
1071 3016 1125 3091 sed
1147 3043 1187 3089 ne
1208 3024 1285 3088 haee

1 3188 2 3197 ,
113 3132 275 3207 stamen,
297 3147 375 3212 quse
398 3128 427 3194 ei
450 3129 525 3196 dete
547 3128 787 3209 adposuerunt
809 3127 1285 3194 munerietentumuiderentur
1402 3214 1405 3222 Ι

152 3230 252 3298 fnisse
280 3240 343 3298 non
371 3231 485 3311 meriti,
515 3232 568 3314 qui
591 3231 765 3300 laetabatur
787 3232 942 3316 prosperis
964 3232 1113 3314 probetur
1136 3227 1284 3294 aduersis.
1361 3271 1363 3275 -

152 3337 299 3420 sequitur
321 3337 433 3420 quippe
447 3335 536 3402 leber
550 3337 725 3422 perieulum
740 3335 852 3402 timor:
882 3321 1011 3402 uexatur
1026 3331 1286 3416 commigratione
1401 3323 1402 3326 ’

258 3537 359 3594 2Gsn.
377 3539 402 3603 7,
419 3539 454 3594 21
555 3539 589 3594 sl
608 3537 767 3604 seu.12,1

206 3711 225 3764 5
243 3710 421 3764 humansrum
437 3726 459 3764 e.
478 3711 496 3765 t.
514 3725 550 3765 m.
566 3714 586 3765 2
605 3709 633 3764 Β
736 3709 753 3762 6
774 3708 911 3763 terrestrirr
929 3723 962 3763 eu
979 3707 1149 3763 terrestrium
1167 3721 1237 3763 cerr.
1254 3706 1286 3760 iu

151 3812 171 3849 v
189 3796 393 3852 Brassieuuue:
420 3798 576 3850 terrestrem
593 3797 621 3850 A
649 3795 791 3852 terrestris
813 3796 841 3850 Β
868 3794 1061 3863 (terrestrium
1080 3793 1157 3872 haud
1174 3794 1229 3848 seio
1246 3809 1285 3846 uu

151 3887 228 3938 reete
245 3888 278 3937 ut
294 3884 330 3937 eit
347 3882 521 3952 praecisurus
540 3881 722 3950 Halmiuemf.
735 3882 814 3950 iufra
825 3898 848 3937 e.
864 3881 964 3937 VHII
978 3882 1057 3936 tntu:
1075 3897 1166 3936 curere
1184 3880 1285 3950 puriter

150 3967 199 4022 res
230 3967 360 4022 humanas
389 3967 485 4034 denm;
520 3968 594 4038 pund
622 3968 760 4026 antecedit
788 3967 967 4023 humansrum
997 3967 1170 4036 corruptelae
1200 3979 1285 4046 eausa

149 4054 220 4120 fuit)
309 4053 343 4108 10
355 4053 509 4124 etprobuuit
521 4055 549 4108 A
567 4054 706 4126 &probauit
716 4056 745 4111 Β
841 4054 872 4108 11
885 4053 1012 4124 quendem
1024 4053 1085 4121 (eie)
1097 4069 1129 4106 r:
1146 4051 1284 4120 quondum

151 4140 209 4194 AB
317 4140 492 4196 maurone
516 4141 544 4196 B
645 4141 716 4196 elius
738 4141 802 4195 deus
820 4142 886 4194 tune
909 4139 937 4194 Β
1041 4138 1074 4192 14
1096 4152 1144 4206 per
1161 4135 1286 4205 singulus

151 4225 179 4279 B
197 4228 267 4280 Μ
284 4225 350 4281 add.
437 4227 471 4281 18
488 4227 670 4296 conprobetur
686 4228 715 4282 B
803 4227 838 4282 20
859 4227 1058 4294 inmensamque
1075 4222 1103 4277 Β
1190 4221 1225 4276 21
1243 4221 1284 4276 iu-

152 4311 219 4366 bens
238 4327 273 4368 ex
290 4313 366 4368 iubet
382 4314 416 4368 in
432 4330 449 4368 v
466 4314 641 4370 Braeer'uuree
744 4316 778 4370 25
795 4314 935 4370 uideretur
952 4313 981 4370 Β
1078 4311 1113 4365 26
1129 4325 1185 4366 non
1202 4309 1285 4364 fuisse

130 4398 246 4466 ,meriti
262 4399 290 4453 Β

204 4499 285 4555 VIII.
1163 4500 1181 4552 2
