3134 5098
527 529 564 583 de
582 529 719 600 gubern.
737 530 789 585 dei
813 487 860 596 lt
881 532 957 588 3—6.
1122 562 1125 567 ·
1284 537 1305 602 5

176 720 273 784 etiarn
302 717 463 801 religionis
494 722 634 802 expertes
652 721 687 784 ui
708 721 777 803 ipsa
799 723 831 786 et
853 722 988 804 quadam
1010 723 1197 788 neeesaitate
1220 741 1304 788 eom·

114 823 116 826 ’
178 822 261 907 pulsi
284 822 316 886 et
338 822 448 887 sentiri
471 823 577 888 omnia
599 841 618 888 a
640 825 697 889 deo
721 827 753 888 et
772 826 893 890 moueri
914 826 947 890 et
968 829 1035 910 regi
1057 825 1202 904 dixerint,
1225 843 1304 908 qno-

178 925 269 990 modo
299 943 381 990 nune
410 944 481 990 eum
511 926 704 992 incuriosum
732 928 859 1010 quidam
881 945 918 994 ae
939 928 1158 1014 neglegentem
1179 933 1304 1012 putant,

179 1029 285 1110 quiet
308 1030 423 1093 sentiat
453 1030 558 1096 omnia
587 1047 641 1113 per
669 1030 878 1097 subtilitatem
900 1035 931 1096 et
953 1035 1076 1099 moueat
1097 1051 1153 1116 per
1176 1032 1302 1098 fortitu-

154 1132 283 1197 adinem
305 1133 337 1197 et
358 1136 449 1216 regat
471 1151 525 1215 per
547 1135 736 1215 potestatem
753 1137 785 1199 ot
807 1133 962 1200 custodiat
983 1154 1037 1218 per
1051 1137 1305 1220 benignitatem?

179 1234 258 1314 diri,
292 1235 366 1317 quid
390 1237 428 1300 de
451 1236 616 1302 maiestate
638 1254 674 1302 ae
695 1237 904 1304 moderamine
933 1239 1050 1304 summi
1079 1239 1129 1304 dai
1151 1241 1305 1323 principes

179 1341 212 1404 et
241 1338 451 1422 philosophiae
482 1341 577 1404 simul
605 1343 637 1405 ot
660 1341 854 1424 eloquentiae
888 1341 1063 1408 iudiearint.
1103 1344 1170 1409 ideo
1200 1349 1305 1410 autern

178 1443 389 1508 nobilissimos
412 1443 574 1526 utriusque
590 1445 867 1511 excellentissimae
890 1448 967 1511 artis
991 1447 1156 1532 magistros
1178 1449 1304 1530 protuli,
1406 1451 1410 1462 '

172 1563 239 1630 'qno
271 1545 395 1612 faoilins
420 1547 478 1612 'uel
513 1565 618 1613 omnes
653 1549 730 1614 alios
764 1548 848 1614 idem
882 1549 1016 1615 sensisse
1044 1552 1095 1616 uel
1125 1555 1209 1616 oerte
1238 1547 1305 1616 aine

140 1651 365 1716 soanetoritate
397 1653 503 1734 aliqua
534 1651 716 1718 dissensisse
747 1656 964 1719 monstrarem.
1003 1657 1036 1722 et
1063 1673 1137 1720 aare
1166 1657 1305 1722 inuenire

177 1755 317 1837 aliquos,
349 1756 619 1840 quietistarum
649 1757 765 1822 iudioio
796 1758 1054 1841 diserepeuerint,
1086 1759 1208 1843 praeter
1230 1759 1305 1842 lipi-
1347 1757 1364 1798 ⁴

176 1877 339 1925 aureorum
374 1861 427 1924 uel
464 1859 657 1942 quorundam
701 1860 963 1942 epicurizantium
1005 1863 1209 1928 deliramenta
1245 1881 1306 1928 non
1369 1927 1371 1930 .

174 1981 321 2045 possum,
345 1965 399 2046 qui
421 1964 503 2028 mont
524 1964 721 2046 uoluptatem
743 1981 814 2029 oum
836 1965 954 2030 uirtute
975 1966 1022 2031 sie
1044 1966 1137 2032 deum
1162 1985 1234 2032 oum
1256 1967 1305 2030 in·

176 2069 264 2132 ouria
287 2085 323 2132 ao
345 2069 469 2151 torpore
491 2067 670 2147 iunxerunt,
693 2069 729 2132 ut
752 2072 898 2151 appareat
921 2087 981 2146 eos,
1010 2070 1064 2151 qui
1086 2071 1134 2135 ita
1155 2069 1305 2149 sentiunt,

138 2172 258 2235 ursioni
288 2187 413 2236 sensum
441 2172 663 2254 Epicureorum
692 2172 786 2254 atque
815 2173 1004 2238 sententiam
1034 2174 1082 2239 ila
1107 2173 1307 2238 etiam'uitia

176 2274 303 2339 sartari.
396 2269 400 2275 ’
672 2262 674 2269 ’

220 2379 265 2444 Π.
289 2377 360 2444 Non
381 2379 457 2459 puto
472 2381 553 2460 quod
574 2377 820 2461 adprobandum
842 2395 925 2443 nune
945 2397 1010 2444 renr
1031 2381 1098 2444 tam
1111 2380 1337 2462 perspiouamss

176 2483 277 2548 etiam
299 2482 415 2548 diuinis
437 2481 485 2548 uti
507 2483 564 2547 lroo
586 2481 652 2546 loeo
672 2481 862 2548 testimoniis
878 2481 1056 2561 debeamus,
1079 2485 1212 2547 marimo
1234 2481 1307 2563 quia

176 2603 338 2650 sermones
356 2585 435 2650 sarri
450 2585 498 2650 ita
513 2585 635 2650 abunde
651 2589 683 2650 et
700 2584 860 2650 euidenter
874 2585 995 2650 eunetis
1010 2584 1179 2668 impiorum
1194 2600 1306 2667 propo·

133 2688 344 2758 rositionibns
367 2689 595 2766 contra-dieunt,
619 2693 663 2767 ut,
689 2689 764 2752 dum
786 2688 988 2770 sequentibus
1012 2705 1118 2752 eorum
1142 2687 1307 2753 oalrumniis
1350 2735 1352 2742 s

175 2791 399 2869 satisfaeimus,
422 2793 519 2858 etiam
542 2811 578 2856 ea
601 2809 679 2874 quae
703 2807 796 2873 snpra
816 2791 902 2856 diota
924 2795 998 2855 sunt
1025 2791 1149 2873 planius
1172 2791 1308 2857 refutare

175 2895 345 2979 possimus.
370 2896 460 2962 aiunt
474 2896 572 2980 igitur
587 2914 605 2960 a
627 2899 682 2962 deo
698 2895 804 2961 omnia
822 2895 1043 2977 praetermitti,
1067 2895 1141 2978 quia
1155 2913 1212 2960 neo
1227 2913 1309 2961 ooer·

180 3003 253 3064 oeat
267 3000 365 3064 malos
381 3019 438 3064 nee
461 3001 584 3064 tueatur
599 2999 708 3080 bonos,
727 3006 759 3064 et
775 2997 845 3064 ideo
861 2998 894 3062 in
910 2999 968 3064 boe
984 3000 1107 3064 saeoulo
1123 2999 1307 3065 deteriorem

177 3103 349 3167 admodum
371 3105 489 3167 statum
506 3121 572 3166 esse
596 3101 775 3167 meliorum:
800 3103 894 3168 bonos
909 3103 1022 3184 quippe
1038 3119 1104 3167 esse
1120 3101 1153 3165 in
1176 3120 1307 3184 pauper·
1411 3121 1412 3124 ¹

134 3207 247 3272 astate
269 3206 367 3270 malos
389 3207 423 3270 in
446 3205 648 3282 abundantia,
672 3205 768 3270 bonos
790 3206 824 3270 in
839 3203 1022 3270 infirmitate
1038 3205 1137 3270 malos
1159 3205 1193 3268 in
1216 3203 1308 3269 forti·

231 3427 420 3482 lneoessitate
439 3442 528 3481 aenaea
545 3425 594 3481 deo
611 3427 639 3481 A
712 3425 898 3494 3qnidameae
916 3426 964 3493 qui
981 3426 1009 3479 A
1083 3427 1179 3494 putant
1196 3424 1224 3477 B
1242 3425 1309 3479 Μ

177 3518 211 3571 ia
229 3533 278 3585 mp.
381 3515 538 3582 bregatm
556 3512 615 3566 diat
639 3527 685 3580 per
708 3513 736 3566 A
840 3511 943 3580 liquid
966 3511 999 3565 de
1023 3527 1058 3566 ea
1080 3511 1127 3580 qni
1145 3510 1177 3564 da
1195 3511 1221 3563 A
1239 3525 1308 3564 corr.

177 3601 253 3656 aad
346 3599 385 3669 ue]
404 3601 431 3653 et
449 3599 476 3652 Β
571 3598 655 3653 daim
672 3599 753 3652 simul
771 3598 799 3652 A
896 3598 1096 3666 ieloqnentiaa
1118 3598 1146 3650 A
1239 3595 1308 3649 indi-

175 3687 277 3754 carint]
296 3686 327 3740 ia
344 3686 372 3739 A
389 3685 439 3741 ult.
457 3685 519 3756 epid
537 3701 571 3739 ero
593 3689 679 3754 porte
706 3685 823 3739 euomuit
851 3684 898 3738 red
924 3685 1011 3752 sotere
1035 3685 1149 3740 uiduus
1172 3683 1227 3737 rint
1252 3697 1309 3737 aon

177 3775 243 3828 rent
359 3773 377 3826 8
403 3771 583 3842 utriusquae„
609 3771 710 3840 protuli
739 3772 766 3824 A
896 3772 913 3825 9
940 3773 1185 3828 mneauoustrarem
1213 3770 1240 3822 A
1331 3798 1333 3801 ·

178 3861 212 3914 11
232 3859 333 3914 iudidio
350 3859 512 3912 meantium
531 3858 558 3911 A
663 3858 695 3912 12
712 3857 889 3912 deliramenta
906 3873 940 3912 ea
958 3858 1140 3912 deleramenta
1157 3856 1213 3910 AB
1236 3867 1308 3909 sorr.

177 3949 250 4000 Μ
353 3945 385 3999 13
411 3960 520 4014 possum
548 3946 648 4000 mtnte
674 3946 702 4000 A
806 3944 841 3998 14
866 3945 907 3998 ite
934 3959 1054 3998 aeneum
1081 3943 1186 4012 Epionr.
1213 3942 1241 3994 A

179 4034 212 4088 16
241 4032 336 4088 sectari
353 4047 449 4086 marem
473 4034 531 4086 tam
555 4031 583 4085 A
688 4032 721 4085 18
746 4029 861 4085 diuinis·
882 4031 932 4085 hoe
959 4031 987 4084 A
1091 4031 1120 4084 in
1140 4029 1190 4083 hoo
1214 4027 1241 4080 B

175 4121 236 4175 loco
254 4121 361 4176 testim
380 4121 443 4190 qnia
466 4121 493 4174 A
596 4118 639 4172 dei
656 4115 799 4172 debeamus
822 4115 850 4171 Β
954 4117 987 4171 19
1012 4114 1188 4170 εοτωοῃιὶτατί
1210 4113 1259 4168 aad
1275 4113 1309 4167 ka

176 4223 211 4260 m.
231 4210 251 4260 2
274 4208 308 4260 A·
404 4206 548 4276 impiorum
566 4231 608 4258 aaa
625 4203 800 4273 sequentibus
819 4205 847 4258 A
890 4234 893 4241 ·
950 4203 985 4258 20
1004 4201 1148 4257 oalnmnlis
1173 4215 1263 4254 eornm
1282 4199 1310 4253 B

174 4294 225 4349 aad
248 4310 341 4348 eornm
363 4294 394 4348 a'a
412 4309 462 4365 erp.
480 4295 553 4350 aad
655 4291 687 4344 21
713 4291 795 4344 etiam
814 4315 867 4346 uas
885 4291 980 4359 Agunt
999 4291 1058 4355 (ero)
1077 4287 1105 4341 A
1121 4303 1155 4342 ro.
1176 4292 1192 4342 1
1209 4288 1307 4354 (Aiunt

178 4384 205 4436 A
223 4397 259 4437 m.
278 4385 306 4443 2)
409 4379 443 4434 22
461 4379 640 4448 praetermitti
658 4402 698 4432 m
715 4377 821 4432 saeonlo
839 4377 866 4430 A
969 4374 1003 4428 24
1020 4373 1312 4428 admodum-miseria

175 4469 206 4521 et
224 4468 283 4534 fere
301 4468 392 4523 ornatu
410 4471 587 4521 euoaoeruat
604 4465 636 4518 do
653 4465 681 4518 A
