3134 5098
1247 501 1304 558 XV

218 692 367 770 Codicis
398 694 420 768 b'
453 703 506 768 ut
528 691 658 767 multo·
681 691 839 766 minoris
869 691 981 790 pretii
1005 701 1049 766 et
1077 717 1145 789 per
1178 692 1300 780 uarias

165 813 533 914 contaminasse
564 811 718 888 illorum
755 812 853 912 lente
887 811 1060 886 deriuuti
1095 811 1304 910 sonptmas'

166 934 320 1034 carptim
361 944 506 1008 tantum
533 932 747 1025 memoraui,
788 933 947 1009 scilicet»
965 933 1045 1010 ubi
1064 933 1195 1030 (qnod
1210 935 1303 1008 sanc

165 1080 250 1129 raro
285 1054 487 1129 admodum
521 1051 657 1158 euenit)
691 1065 757 1129 aut
787 1052 888 1160 solus
916 1054 1118 1154 genuinam
1144 1079 1299 1153 manum

165 1164 432 1250 seruauit-²·aut
472 1174 555 1248 enin
574 1156 755 1248 'editione
771 1161 1059 1265 salamana,
1102 1175 1182 1248 cui‘*
1201 1188 1302 1252 certe

166 1321 303 1393 magna
330 1306 504 1393 exparte
536 1321 604 1394 pro
643 1296 883 1371 fundamento
924 1296 1035 1371 luisse
1063 1306 1204 1371 certum
1232 1307 1298 1393 est,

167 1417 429 1529 ⁰⁰1lgss¹¹ila¹³l
454 1415 616 1532 denique
639 1416 807 1492 editionis
833 1418 1013 1519 principis
1040 1417 1299 1493 auctoritatem

166 1562 255 1611 sane
283 1537 450 1633 exiguam
477 1562 613 1634 augere
640 1535 848 1618 uidebatur,

219 1708 425 1783 Instructus
452 1707 566 1807 igitur
592 1709 649 1782 his
676 1707 810 1784 talibus
837 1708 1012 1784 subsidiis
1036 1709 1171 1784 criticis
1192 1714 1302 1809 (quo-

165 1855 250 1903 rum
276 1827 369 1928 ‘quis
395 1828 464 1904 seit
490 1855 536 1903 an
554 1829 715 1903 adiciant
739 1829 940 1904 hodiernae
959 1829 1116 1904 crastina
1134 1856 1304 1906 summac

166 1948 204 2022 di
232 1947 382 2048 superi’)
416 1947 579 2024 Saluiani
606 1948 782 2048 opuscula
809 1960 893 2048 post
918 1949 1102 2048 insignem
1129 1949 1300 2026 Caroli

164 2068 350 2144 Halmii
377 2095 528 2168 operam
546 2070 690 2145 auctori
711 2071 749 2143 in
769 2070 938 2162 editione,
969 2096 1044 2169 qua
1061 2071 1299 2147 Monumenta

167 2188 389 2265 Germaniae
430 2189 605 2265 historica
641 2189 815 2292 (Berolini
835 2186 967 2296 ’1877)
1007 2189 1214 2305 felicissime
1251 2204 1301 2285 et,

164 2321 209 2383 ut
235 2309 274 2383 in
300 2309 365 2384 tali
393 2309 473 2387 uiro
501 2310 686 2411 expectari
712 2312 833 2412 potuit
858 2323 893 2387 et
912 2312 1049 2407 debuit,
1078 2311 1302 2412 peritissime

166 2429 381 2530 auspicatus
409 2441 474 2523 est,
501 2443 679 2516 nauatam
706 2417 924 2510 adornanda
950 2433 1107 2531 suscepi.
1178 2463 1181 2470 ¹

219 2605 344 2703 Atque
380 2605 410 2677 si
445 2630 534 2688 non,
558 2588 613 2688 est
648 2603 750 2703 quod
782 2589 1078 2704 desperantem
1104 2615 1151 2678 ut
1174 2603 1305 2703 aequis

166 2725 426 2823 beniuolisque
464 2723 647 2800 iudicibus
688 2751 797 2826 opera
835 2751 919 2800 mea
960 2722 1304 2825 quantulacumque

168 2856 253 2944 post
279 2857 356 2926 tam
382 2840 537 2944 insignis
568 2846 640 2922 uiri
666 2846 919 2928 recensionem
946 2847 993 2927 ad
1022 2857 1210 2926 auctorem
1237 2843 1304 2918 ali·

169 2993 284 3064 quam
321 2966 447 3040 multis
486 2966 576 3043 loeis
615 2968 671 3042 sui
707 2968 921 3068 similiorem
958 2965 1191 3042 reddendum
1225 2991 1305 3039 non.

168 3085 260 3160 nihil
288 3086 454 3161 attulisse
479 3086 637 3174 uidear:¹
659 3085 788 3164 ‘totum
823 3086 987 3162 muneris
1013 3087 1085 3161 hoc
1113 3083 1176 3162 est’
1206 3083 1305 3159 Aca·

170 3205 313 3281 demiae
348 3206 642 3308 inlustrissimas*
658 3207 970 3300 Vindoboncnsis,
1008 3231 1101 3304 quae
1136 3203 1303 3279 subsidia

170 3327 298 3402 critica
341 3325 520 3426 singulari
562 3325 785 3432 liberalitate
824 3325 873 3403 et'
903 3315 1170 3402 officiosissime
1201 3324 1301 3426 ¹mihi

170 3447 472 3547 suppeditauerit,
487 3449 653 3524 uirorum
667 3449 974 3552 doctissimorum,
991 3474 1084 3548 quos
1098 3447 1173 3522 iam
1187 3472 1301 3546 supra

170 3580 213 3642 ut
239 3568 377 3667 optime
405 3567 450 3644 de
477 3569 735 3673 studiis-(hisce
752 3569 902 3646 meritos
928 3569 1091 3664 laudaui,
1119 3567 1306 3668 inprimis

171 3715 259 3764 uero
302 3688 480 3765 Guilelmi
518 3690 730 3766 Hartelii
768 3690 1080 3783 vindobonensis,
1123 3689 1305 3788 quinon

171 3809 291 3884 solum
331 3810 370 3884 in
407 3810 565 3909 plagulis
603 3809 829 3908 corrigendis
865 3821 998 3909 sponte
1033 3835 1093 3886 me
1128 3808 1302 3882 adiuuare

169 3928 237 4004 sed
265 3930 375 4004 etiam
400 3930 596 4006 haesitanti
616 3930 807 4006 dubitanti
830 3930 971 4004 ,erranti
997 3955 1071 4029 quo
1091 3939 1151 4004 est<
1164 3925 1303 4024 ingenii

169 4051 353 4144 acumine,
390 4077 465 4150 qua
500 4052 724 4152 scriptorum
746 4039 1091 4126 'ecclesiasticorum
1115 4043 1306 4122 familiari·

170 4181 257 4265 tate,
300 4197 376 4270 qua
415 4171 573 4270 denique
600 4166 787 4271 propensa
821 4167 860 4246 in
895 4197 956 4250 me
992 4171 1179 4246 uoluntate
1216 4193 1303 4243 cum

172 4291 488 4368 admonitionibus
520 4303 612 4365 tum·
629 4292 956 4368 emendationibus
974 4287 1191 4389 gratissimis
1220 4313 1306 4364 suc·

174 4437 318 4487 currere
345 4412 515 4488 uoluerit.
