3134 5098
489 480 526 534 de
544 479 681 548 gubern.
699 477 752 533 dei
774 477 820 533 111
839 480 854 542 9
873 477 983 534 52-59.
1256 476 1297 544 61

173 672 204 737 et
225 688 287 736 non
311 671 360 737 est
381 687 553 754 numquam
574 665 700 732 omnino
724 666 834 733 iecisse
860 665 962 733 fecere
989 674 1131 734 mosee.
1169 667 1298 750 quodsi

170 775 217 841 ita
239 779 338 855 esset,
374 774 449 858 quid
471 771 617 856 proderat
644 775 769 849 tamen,
796 789 894 850 unum
918 788 937 835 a
960 771 1076 836 scelere
1098 769 1244 838 desistere
1267 771 1300 836 et
1349 810 1354 834 .-

169 862 289 944 multos
319 879 353 944 in
380 867 549 943 sceleribus
572 876 779 957 permanere?
822 890 884 938 non
905 877 997 939 sanat
1023 873 1183 940 conuersio
1206 873 1350 948 unius5'l

170 981 305 1048 crimina
325 982 551 1065 plurimorum,
580 995 637 1044 nec
664 976 781 1043 sufficit
808 975 848 1042 ad
877 975 1065 1059 placandum
1092 977 1184 1044 deum
1218 977 1301 1060 quud

149 1102 251 1150 eunus
272 1087 401 1168 peccata
423 1081 555 1160 deserit,
578 1099 671 1164 quem
693 1079 882 1146 uniuersitas
904 1079 1001 1145 conus
1022 1080 1153 1146 hnmani
1175 1079 1299 1163 generis

168 1187 310 1268 offendit,
326 1177 513 1270 praesertim
525 1201 597 1250 cum
607 1184 645 1264 is,
662 1183 716 1266 qui
731 1182 932 1262 conuertitur,
947 1186 984 1248 ιι1
995 1183 1128 1250 mortem
1140 1183 1301 1250 aeternam

168 1291 269 1378 possit
284 1291 423 1370 euadere,
439 1307 570 1373 magnos
584 1286 723 1372 profecto
739 1286 948 1352 connereionie
963 1305 1037 1353 suae
1051 1287 1171 1354 tructus
1185 1289 1298 1370 capiat,

168 1395 195 1462 si
224 1395 355 1475 euadat,
384 1395 498 1460 nedum
529 1391 719 1476 contingere
736 1391 765 1455 ei
789 1388 905 1474 possit,
937 1391 974 1456 ut
1002 1391 1041 1456 ab
1067 1390 1138 1456 aliis
1166 1401 1299 1476 poenam

168 1497 380 1563 damnationis
404 1497 545 1575 auertat,
567 1488 695 1578 qnia'et
716 1492 774 1558 hoc
796 1491 1009 1576 intolerabilia
1023 1494 1184 1577 superbiae
1206 1493 1300 1579 atque

135 1601 316 1667 roimmanis
345 1600 463 1686 piaculi
492 1598 609 1666 eumen
637 1601 700 1677 eet,
730 1597 757 1663 si
787 1599 854 1663 tam
882 1598 998 1663 bonum
1027 1616 1059 1662 se
1089 1597 1215 1681 aliquie'
1232 1607 1300 1665 esee

170 1705 287 1785 credat,
311 1705 348 1769 ut
371 1704 466 1769 etiam
487 1701 586 1768 malos
608 1701 767 1767 existimet
788 1721 846 1786 per
866 1719 900 1766 se
914 1719 1003 1785 posse
1018 1701 1143 1768 saluari.
1169 1704 1298 1787 loquens
1307 1707 1350 1777 58

167 1807 306 1874 deusde
335 1808 418 1873 terra
440 1807 574 1889 quadam
596 1805 648 1870 uel
670 1805 708 1871 de
735 1806 849 1888 populo
876 1805 1039 1888 peccatore
1067 1805 1113 1870 sic
1140 1805 1232 1872 dicit:
1266 1809 1298 1874 ei

167 1911 323 1977 fuerint
351 1912 433 1976 tres
459 1909 540 1974 uiri
569 1909 608 1975 in
631 1907 762 1975 medio
791 1911 890 1986 eius,
921 1907 1003 1974 Noe
1033 1912 1069 1975 et
1091 1907 1231 1975 Daniel
1260 1909 1299 1974 et

166 2013 253 2094 Iob,
287 2031 360 2080 non
388 2013 623 2078 liberabunt
652 2012 763 2078 filios
792 2029 919 2095 neque
947 2011 1077 2078 filias:
1111 2013 1190 2096 ipsi
1223 2012 1298 2079 soli
1391 2009 1394 2018 ’

136 2115 268 2183 resalui
303 2117 424 2183 erunt.
470 2115 629 2180 neminem
652 2134 722 2181 reor
743 2118 812 2180 tam
833 2113 1048 2197 impudentem
1079 2113 1160 2197 fore,
1188 2116 1242 2200 qui
1264 2133 1298 2182 se

165 2219 214 2284 hie
237 2205 358 2286 talibus*
377 2219 453 2286 uiris
476 2218 588 2286 audeat
604 2237 793 2302 comparare,
818 2221 900 2302 quia,
918 2221 1060 2303 quamuis
1074 2219 1197 2302 placere
1212 2240 1296 2290 nunc

166 2323 278 2406 aliquis
301 2327 356 2390 dcc
371 2321 506 2400 studeat,
528 2322 587 2387 lroc
600 2324 705 2404 ipsum
720 2327 825 2388 tamen
840 2341 939 2406 genus
955 2322 1108 2390 maximae
1123 2325 1296 2394 iniustitiae

166 2427 232 2503 eet',
262 2425 289 2491 si
318 2421 492 2491 coruscum
520 2428 727 2518 praesumat3'
750 2444 787 2492 ac
813 2445 868 2509 per
895 2427 954 2490 hcc
976 2426 1101 2494 sublata
1123 2435 1170 2493 eet
1191 2429 1296 2496 omnis

165 2519 237 2612 spes
267 2529 363 2596 falsae
391 2527 559 2613 opinionis,
593 2547 656 2613 qua
684 2529 845 2594 credamus
871 2527 1072 2596 innumeram
1100 2521 1295 2613 perditorum

133 2632 327 2700 ahominum
357 2632 593 2698 multitudinem
623 2631 770 2716 suffragio
798 2649 968 2714 paucorum
990 2631 1142 2699 bonorum
1165 2653 1184 2701 a
1205 2653 1295 2718 prae·

165 2736 309 2801 sentibus
343 2735 435 2800 malis
467 2753 556 2818 posse
590 2732 723 2799 defendi.
759 2752 831 2800 cum
863 2736 947 2801 enim
980 2737 1085 2804 nullus
1118 2738 1183 2804 illis
1218 2738 1346 2821 questa

165 2857 257 2921 supra
280 2837 414 2903 diximus
435 2856 493 2920 par
515 2837 567 2917 sit,
592 2854 670 2919 quae
696 2855 762 2902 esse
784 2856 855 2920 spes
877 2838 952 2904 ullis
973 2841 1085 2924 potest,
1109 2840 1190 2924 quud
1212 2841 1293 2908 libe-

165 2943 227 3006 rari
261 2940 316 3026 [et]
352 2941 490 3006 extranei
524 2945 556 3006 et
588 2940 745 3006 innumeri
768 2943 800 3006 et
822 2941 899 3006 mali
929 2961 947 3006 a
975 2944 1170 3026 paucissimis
1203 2943 1294 3010 bonis

163 3045 299 3128 possint,
334 3063 405 3109 cum
436 3043 486 3109 illi
513 3043 752 3109 familiarissimi
781 3045 837 3110 dec
860 3046 959 3110 sancti
981 3065 1021 3110 ne
1043 3045 1101 3111 hoc
1125 3045 1294 3129 quideme

128 3147 291 3216 redomino
322 3146 565 3230 promeruerint,
600 3148 637 3212 ut
659 3146 693 3211 in
714 3146 789 3212 filiis
819 3147 883 3213 suis
913 3147 965 3212 uel
991 3167 1046 3214 sua
1068 3150 1208 3215 membra
1229 3148 1292 3215 sal-

162 3253 298 3316 narent?
332 3254 363 3315 et
392 3253 485 3316 reete.
521 3268 596 3315 nam
623 3249 699 3314 licet
729 3267 837 3314 omnes
868 3250 1036 3316 admodum
1063 3250 1123 3314 filii
1152 3251 1293 3316 membra

162 3353 330 3436 parentum
359 3371 424 3418 ease
452 3354 633 3440 uideantur,
662 3372 724 3420 nou
751 3353 884 3437 putandi
912 3357 986 3419 sunt
1017 3357 1123 3420 tamen
1152 3355 1292 3420 membra

164 3473 272 3521 eorum
295 3475 370 3534 esse,
392 3475 411 3522 a
433 3460 544 3539 quibus
566 3457 681 3522 affectu
703 3456 861 3540 coeperint
875 3458 1059 3538 discrepare,
1083 3459 1155 3540 quia
1169 3476 1293 3524 morum

162 3560 421 3644 degenerantium
450 3561 607 3644 prau'tate
629 3561 761 3642 percunt
783 3561 816 3625 in
837 3560 952 3626 talibus
975 3560 1126 3627 beneficia
1146 3562 1288 3627 naturae.

266 3694 411 3748 latacen.
431 3695 473 3759 14,
493 3695 535 3748 1a

214 3814 372 3884 2proderet
388 3815 417 3870 Β
435 3815 582 3884 (prodesset
603 3817 675 3884 th)
778 3817 796 3870 3
817 3817 898 3870 unius
918 3816 1056 3871 conuereio
1082 3817 1105 3870 B
1208 3816 1225 3870 6
1247 3815 1291 3870 his

161 3901 209 3968 qni
230 3900 258 3954 Β
361 3901 514 3972 lmagnus
538 3901 566 3956 Β
583 3907 609 3957 ct
626 3919 644 3956 n
661 3919 695 3956 m.
713 3905 732 3958 2
748 3908 815 3958 meet.
832 3904 864 3956 da
880 3918 895 3956 e
913 3903 941 3956 A
1044 3903 1162 3972 prolecto
1180 3919 1215 3957 cc
1232 3917 1291 3971 pro·

160 3984 234 4038 fectu
245 3985 273 4038 A
285 3978 356 4041 corr'.
370 3988 439 4042 m.a
532 3986 565 4042 10
576 3990 618 4041 eet
628 3987 728 4041 crimen
740 3988 768 4041 B
860 3989 891 4043 11
906 3989 1014 4043 estimet
1025 3989 1053 4042 A
1070 3989 1179 4057 estimet
1193 3987 1221 4040 Β

160 4071 196 4125 13
214 4070 330 4125 Danihel
347 4072 375 4127 A
467 4073 500 4126 14
517 4074 611 4143 neque]
631 4075 658 4127 et
676 4073 704 4128 Β
796 4075 829 4130 15
846 4074 979 4128 neminem
991 4076 1081 4129 tamen
1099 4073 1127 4126 B
1145 4073 1290 4139 (neminem

160 4159 219 4210 tam
230 4157 279 4211 ced
291 4159 348 4211 tam
360 4158 434 4212 llaec
444 4163 607 4214 transuersa
616 4159 666 4214 del.
676 4161 707 4213 ta
716 4176 732 4214 o
742 4161 938 4230 Brueeieaaae)
1015 4160 1047 4215 11
1059 4159 1181 4214 iustitiae
1194 4161 1222 4214 A

159 4243 196 4297 21
213 4242 297 4297 nullis
314 4244 343 4297 A
427 4244 462 4299 22
479 4261 540 4314 pars
558 4261 626 4300 crae.
640 4262 652 4298 e
665 4245 704 4300 111.
724 4249 751 4300 A
836 4246 988 4301 liberareA
1073 4247 1106 4300 23
1119 4248 1290 4316 et(ueeteex-

157 4328 258 4394 tranei)
277 4329 415 4398 Hartcle‘c,
443 4333 471 4386 et
490 4334 565 4399 (cate
582 4331 660 4396 mali)
678 4331 825 4388 delendum
842 4332 955 4388 uidetur
971 4332 1083 4388 Halmio
1181 4333 1214 4388 25
1232 4347 1291 4402 prc-

158 4418 317 4470 meruerunt
334 4414 362 4469 Β
