3172 5098
513 506 552 561 ad
570 506 745 562 ecclesium
769 505 830 561 1111
848 510 863 572 ξ
881 505 993 560 22-28.
1255 505 1318 573 309

186 717 243 766 suo
258 699 329 766 eliis
345 697 446 782 magis
461 716 553 782 quom
569 695 630 763 sibi
645 696 779 762 consulit
794 695 957 778 proluture
978 695 1040 760 sibi
1059 713 1138 779 quus
1153 695 1209 762 deo
1225 695 1318 762 dede·

186 804 232 868 rit
252 803 378 869 omniuo
401 820 467 868 esse
490 819 551 867 non
575 800 683 867 credit.
721 799 806 867 dicut
834 800 916 866 enirn
940 799 1019 865 mihi
1040 799 1175 883 quilibet
1196 800 1318 877 horum,

184 923 243 972 cnr
264 904 433 973 facultates
454 923 527 971 suns
550 904 620 970 eliis
642 902 854 986 derelinquit?
886 902 1038 986 numquid
1059 919 1122 968 non
1143 903 1222 979 ideo,
1245 907 1320 988 quin

186 1009 367 1094 profuturos
388 1010 439 1074 cui
461 1007 624 1092 reliquerit
644 1025 712 1074 esse
734 1023 795 1072 nou
807 1005 968 1091 ambigit?
989 1004 1058 1072 ideo
1074 1007 1190 1090 eboqne
1213 1006 1319 1073 dubio.

186 1114 297 1198 igitur,
321 1115 508 1197 quicumque
530 1113 584 1179 ille
608 1129 651 1191 ee,
672 1111 701 1177 si
716 1129 753 1176 co
767 1127 846 1194 queo
868 1109 924 1176 ulii
945 1107 1106 1193 relinquis,
1130 1108 1198 1177 ideo
1220 1110 1371 1178 rolin-26

188 1217 258 1302 quis
287 1217 361 1300 quis
387 1217 551 1302 prorutum
578 1218 607 1281 ei
631 1215 683 1282 oui
710 1215 873 1298 reliqueris
896 1214 1000 1280 certus
1021 1233 1068 1297 es,
1097 1217 1142 1280 sic
1169 1215 1319 1298 prolecto,

188 1319 217 1387 si
240 1338 452 1404 quoecumque
474 1319 630 1404 religiosis
652 1319 835 1385 munoribus
859 1333 1058 1402 prorogasses
1072 1319 1237 1403 profuturo
1252 1337 1318 1385 esse

187 1426 249 1492 tibi
278 1425 425 1507 crederes,
454 1421 513 1488 tibi
542 1421 658 1506 ubsque
687 1421 782 1488 dnbio
810 1421 1011 1505 peculiariter
1032 1422 1216 1505 reputares:
1246 1423 1320 1505 quie

189 1529 305 1610 quanto
328 1532 360 1594 te
383 1527 454 1610 plus
478 1545 565 1592 emes
586 1543 762 1610 quemme,
786 1526 898 1608 quibus
921 1525 1081 1610 relinquis,
1105 1527 1194 1593 tauto
1217 1527 1319 1612 magis

151 1631 251 1698 notibi
272 1631 471 1715 relinqueres,
493 1631 523 1695 si
544 1629 709 1714 profuturo
731 1645 768 1694 ec
788 1629 914 1695 tibimet
936 1631 990 1694 nel·
1009 1629 1095 1694 tenui
1118 1630 1320 1712 opiniuncula

187 1735 352 1801 indiceres.
389 1753 451 1800 nou
473 1737 558 1800 enim
580 1737 612 1800 te
634 1733 737 1812 odisti,
760 1736 797 1798 ut
819 1733 964 1816 prodesse
985 1732 1044 1798 tibi
1060 1734 1149 1815 nolis,
1172 1735 1225 1801 sed
1241 1729 1370 1818 quaese

188 1838 376 1921 pauperibus
404 1838 608 1921 dereliqueris
625 1837 802 1928 profuturo
832 1837 892 1903 tibi
914 1853 982 1902 esee
1004 1853 1067 1903 nou
1089 1837 1204 1904 credis:
1239 1840 1319 1906 unde

88 1999 92 2003 .
138 1929 142 1938 '
188 1946 236 2007 est
259 1942 340 2026 quod
361 1942 431 2008 eliis
453 1941 555 2027 magis
578 1959 673 2025 qoem
696 1943 755 2008 tibi
777 1941 917 2025 consulis,
942 1941 1015 2025 quin
1036 1941 1236 2024 prolixiorum
1258 1943 1320 2009 tibi

189 2063 267 2128 opus
290 2047 470 2131 religiosum
492 2061 561 2112 csse
582 2063 643 2112 uon
663 2045 776 2111 credis.
815 2045 901 2111 siout
923 2045 1021 2114 orodis
1044 2047 1150 2128 itnque
1171 2046 1216 2111 sic
1238 2045 1319 2112 reci-

29 2127 33 2132 *
152 2149 264 2233 reples.
299 2154 336 2214 tu
358 2150 547 2216 saluatorem
574 2149 721 2234 perpetui
751 2150 864 2232 pendis
887 2153 973 2216 etto
994 2151 1134 2216 reluctor
1155 2149 1252 2215 nihil:
1284 2154 1320 2216 to

188 2252 349 2352 Christum
371 2254 532 2336 postponis
554 2253 624 2319 eliis
646 2255 679 2318 et
700 2255 733 2317 te
755 2252 901 2318 omnibus
924 2251 1083 2318 Christus:
1106 2249 1167 2318 tibi
1189 2254 1222 2318 in
1245 2271 1320 2319 oon·

184 2357 349 2441 paratione
372 2358 468 2424 etiem
490 2357 651 2423 hominnm
675 2355 870 2439 perditorum
891 2357 966 2422 uilis
989 2358 1038 2422 oet
1060 2355 1205 2422 dominns
1228 2358 1259 2422 et
1283 2359 1319 2424 tn
1350 2445 1353 2450 Δ

188 2462 249 2528 eris
270 2463 351 2528 inter
374 2463 585 2545 periturorum
608 2459 738 2526 ultimos
758 2461 968 2544 deputandus.
1192 2469 1195 2476 ’

233 2579 288 2649 Vl.
319 2579 378 2649 Sed
406 2581 576 2648 blandioris
604 2581 664 2646 tibi
694 2578 838 2662 forsitan,
867 2585 904 2647 ut
931 2582 995 2646 inm
1017 2578 1185 2662 antediem,
1215 2580 1372 2664 aliqu028

152 2685 353 2770 rereligiosne
375 2683 574 2769 professionis
590 2685 719 2750 intuitu.
751 2685 854 2769 magis
871 2703 903 2750 es
918 2684 1050 2766 debitor,
1075 2685 1148 2768 quie
1162 2684 1318 2770 proposito

188 2789 365 2855 sanctitutis
393 2791 513 2854 maiore
540 2789 708 2871 promittis,
738 2789 770 2854 ct
799 2789 867 2854 ideo
895 2788 967 2872 plns
990 2786 1138 2854 tolerabis
1161 2785 1318 2872 supplicii,

188 2895 263 2980 quia
295 2894 397 2958 minus
433 2891 562 2958 soluerie
594 2891 761 2977 sponsioni.
798 2891 930 2978 mendic
963 2891 1065 2976 specie
1098 2889 1258 2974 polliceris
1287 2893 1320 2957 et

188 2999 281 3065 rebus
315 2997 402 3062 nulle
434 2997 585 3078 restituis,
619 2993 739 3063 falsarii
778 2995 921 3064 criminis
951 3016 1022 3062 rens
1051 3013 1094 3074 es,
1129 2998 1185 3063 deo
1209 3000 1320 3061 cuncte

189 3097 343 3167 mentiris.
380 3118 437 3166 nec
463 3101 610 3167 inmerito
637 3117 724 3167 sacer
753 3119 856 3167 sermo
884 3097 1034 3166 iudicium
1063 3101 1101 3165 de
1126 3097 1246 3182 templo
1268 3099 1320 3165 dei

151 3203 400 3287 reincipiendum
438 3221 505 3270 esse
542 3205 696 3284 testatum
735 3202 922 3270 iudicium
963 3203 1081 3282 enim,
1119 3201 1237 3284 inquit,
1276 3203 1320 3267 de

291 3407 326 3462 25
349 3405 440 3464 IPct.
457 3407 483 3472 4,
503 3407 536 3462 17

188 3625 191 3632 .
241 3578 440 3648 3derelinquit
457 3594 493 3636 cc
510 3578 676 3649 derelinquis
694 3593 764 3636 corr.
778 3581 846 3634 md
863 3579 891 3634 Β
976 3579 1040 3636 des
1058 3579 1104 3634 illc
1122 3579 1207 3650 opens
1225 3583 1320 3634 tracte-

187 3667 335 3737 positione
346 3665 450 3721 additis
467 3666 495 3720 Β
582 3665 617 3736 si]
629 3666 694 3733 fort.
707 3665 788 3721 scrib.
801 3667 872 3720 sicut
958 3666 1028 3736 tei]
1047 3682 1078 3720 ee
1095 3665 1123 3720 Β
1210 3665 1323 3733 iqnee-

190 3767 303 3822 eumque
321 3757 421 3822 pemet
445 3767 504 3808 cum
522 3768 557 3806 m.
576 3757 592 3806 1
613 3753 641 3807 Β
745 3767 930 3822 praerogassee
952 3752 1155 3808 Rittcrelmstoo
1171 3753 1210 3821 (et
1227 3751 1252 3820 b)

192 3841 225 3894 10
247 3838 427 3909 relinquneres
450 3843 477 3893 et
495 3838 664 3908 paulopost
682 3838 888 3906 derelinqueoris
910 3841 938 3893 Δ
1043 3839 1082 3894 12λ
1102 3837 1181 3908 unde]
1208 3839 1235 3892 et
1261 3835 1325 3906 inde¹

191 3931 264 3992 (eum
280 3926 307 3994 t)
326 3925 366 3981 cd.
385 3925 524 3980 Betucius
627 3925 660 3980 17
678 3924 969 3992 uilis-periturorum
986 3926 1020 3980 ιἰι
1036 3940 1122 3996 morp.
1141 3926 1208 3978 m.2
1225 3923 1253 3978 Β

191 4011 224 4067 19
250 4011 385 4066 blondirie
411 4011 439 4064 Β
541 4009 638 4066 fenico
661 4011 689 4065 A
792 4011 827 4066 20
848 4012 888 4082 es]
907 4025 964 4066 orec
986 4011 1015 4066 Β
1117 4011 1152 4065 21
1172 4008 1322 4066 tolertbilis

190 4099 218 4152 Β
321 4097 356 4154 22
369 4103 435 4168 poet
452 4095 589 4168 eponeloni
606 4096 709 4167 ΜΗ
727 4102 754 4154 et
770 4097 832 4154 odd.
851 4102 919 4153 aare
936 4097 1045 4153 Helm:
1071 4106 1162 4151 seruus
1182 4095 1260 4161 enlm
1279 4096 1322 4150 in-

189 4185 253 4254 quit
267 4198 354 4240 sermo
371 4183 492 4250 diuinus,
515 4184 562 4253 qui
579 4183 667 4244 nescit
684 4184 855 4240 uoluntatem
871 4183 976 4240 domini
994 4184 1036 4238 sui
1054 4186 1082 4237 ec
1099 4196 1155 4238 nou
1171 4183 1238 4238 lecit
1255 4189 1321 4251 mm,

191 4270 334 4340 repuens
353 4270 460 4340 peucis3
489 4271 536 4341 qui
560 4273 651 4326 summ
675 4271 727 4326 soit
751 4274 782 4325 et
805 4285 858 4326 non
880 4269 948 4326 lucit
971 4286 1003 4326 ee
1025 4273 1098 4337 (enm
1113 4269 1156 4324 cd.
1169 4269 1322 4336 Belerion)

192 4355 333 4427 nepulnbit
351 4356 453 4412 multis.
481 4355 517 4412 Et
534 4358 567 4412 tu
584 4357 669 4426 specte
686 4356 862 4426 professionis
949 4355 999 4410 ,25
1020 4355 1112 4425 inquit
1134 4361 1177 4411 ter
1194 4354 1323 4426 deinceps

191 4459 228 4498 eu
244 4441 341 4512 inquid
358 4458 429 4499 corr.
447 4457 482 4502 ιι.
500 4445 520 4499 2
539 4443 567 4498 Β
