3134 5098
322 497 365 562 42
811 489 971 546 Saluisni·

323 685 432 749 melior
454 682 554 748 multo
577 681 621 748 sit
642 681 845 748 barbarorum
867 679 1007 746 condicio
1030 696 1124 761 quam
1148 679 1264 754 nostra,
1292 696 1347 742 cur
1368 679 1451 744 inter

321 805 377 852 nos
406 805 526 869 quoque
553 783 636 867 ipsos
664 802 730 850 sors
758 782 910 847 bonorum
933 782 1039 847 durior
1066 799 1161 864 quam
1183 782 1361 846 malorum?
1396 801 1450 847 cur

321 888 410 974 probi
438 888 559 954 iaceant
585 887 720 968 improbi
743 885 983 952 conualescant?
1017 903 1071 950 cur
1099 883 1214 967 iniquis
1240 884 1293 949 uel
1315 885 1449 951 maxime

320 991 530 1074 potestatibus
552 991 699 1055 uniuersa
722 988 950 1055 succumbant?
979 988 1098 1070 possim
1126 987 1252 1070 quidem
1281 988 1449 1054 rationabi-

252 1097 255 1103 '
320 1095 394 1160 liter
416 1094 448 1158 et
470 1096 547 1159 satis
569 1095 750 1159 constanter
772 1091 890 1158 dicere:
914 1091 1031 1176 nescio;
1056 1094 1212 1156 secretum
1228 1091 1311 1157 enim
1334 1095 1482 1157 steen-s

320 1197 427 1263 silium
455 1195 632 1262 diuinitatis
661 1196 780 1278 ignoro.
826 1195 944 1260 sufficit
966 1194 1044 1259 mihi
1067 1197 1106 1260 ad
1133 1211 1242 1259 causae
1264 1195 1357 1259 huius
1378 1213 1449 1277 pro-

319 1304 475 1368 bationem
508 1301 586 1366 dicti
619 1299 763 1365 caelestis
800 1299 970 1366 oraculum.
1018 1299 1092 1362 dous
1126 1318 1145 1363 a
1178 1316 1228 1378 se,
1262 1301 1299 1363 ut
1331 1296 1448 1363 libellis

319 1402 529 1488 superioribus
551 1403 615 1467 iam
644 1403 860 1485 probauimus,
891 1402 996 1467 omnia
1024 1400 1103 1465 dicit
1130 1402 1228 1484 aspici
1256 1402 1361 1467 omnia
1384 1405 1449 1484 rogi

319 1507 424 1572 omnia
446 1506 586 1572 iudicari.
610 1506 638 1570 si
660 1505 738 1570 sciro
761 1507 809 1571 uis
832 1505 907 1588 quid
929 1507 1097 1571 anundum
1120 1504 1177 1584 sit,
1207 1504 1302 1572 habes
1324 1504 1447 1569 litteras

289 1613 438 1678 3sacras:
461 1610 600 1692 perfecta
622 1609 702 1673 ratio
725 1611 774 1672 est
798 1608 855 1673 hoc
878 1611 984 1672 tenera
1007 1607 1088 1690 quod
1110 1608 1231 1690 legeris.
1271 1627 1332 1690 qua
1355 1625 1447 1672 causa
1458 1627 1480 1666 ιο

320 1715 426 1777 autem
452 1713 527 1776 deus
555 1712 630 1776 haec
658 1713 695 1776 do
724 1711 837 1792 quibus
866 1712 1023 1793 loquimur
1051 1710 1097 1776 ita
1125 1710 1233 1788 faciat,
1262 1712 1333 1776 nolo
1357 1729 1375 1775 a
1397 1730 1447 1774 mc

318 1815 466 1898 requiras.
492 1814 679 1893 taurosum,
702 1831 765 1879 non
781 1813 929 1896 intellego
948 1813 1068 1877 secreta
1090 1813 1148 1892 dei,
1172 1814 1363 1897 inuestigare
1387 1831 1447 1878 non

319 1918 417 1983 audeo
441 1920 473 1982 st
494 1916 564 1983 ideo
587 1918 683 1982 ctiam
706 1919 903 1998 adtemptare
930 1915 1078 1991 formido,
1109 1917 1183 1999 quia
1212 1920 1244 1981 et
1266 1917 1323 1982 boc
1344 1918 1448 2001 ipsum

318 2039 415 2102 genus
444 2021 534 2104 quasi
562 2020 732 2103 sacrilegae
761 2019 951 2084 temeritatis
980 2024 1044 2098 est,
1078 2020 1106 2084 si
1140 2021 1209 2102 plus
1233 2022 1312 2086 scire
1341 2024 1447 2104 cupias

318 2142 414 2207 quam
436 2122 557 2188 sinaris.
593 2121 730 2188 sufficiat
760 2121 820 2187 tibi
843 2123 925 2206 quod
947 2123 1022 2188 daus
1045 2142 1063 2188 a
1086 2143 1119 2188 sa
1141 2124 1193 2205 agi
1216 2143 1252 2188 ac
1274 2124 1478 2208 dispensatis

319 2230 430 2292 cuncta
458 2228 611 2291 testatur:
645 2226 720 2308 quid
748 2245 798 2291 me
827 2227 1017 2308 interrogas,
1051 2245 1145 2308 quaro
1174 2227 1253 2292 alter
1280 2230 1380 2293 maior
1406 2230 1447 2294 sit

318 2333 398 2395 alter
421 2331 539 2409 minor,
569 2331 650 2394 alter
679 2329 772 2394 miser
800 2330 880 2395 alter
908 2329 1038 2405 beatus,
1067 2331 1146 2395 altor
1174 2330 1263 2396 fortis
1294 2331 1374 2396 alter
1397 2332 1446 2395 in-

316 2436 449 2500 firmus?
486 2453 547 2517 qua
574 2451 665 2498 causa
693 2432 820 2515 quidem
850 2434 927 2499 haec
950 2437 1025 2498 deus
1054 2433 1167 2512 faciat,
1197 2452 1260 2498 non
1282 2433 1445 2519 intellego,
1553 2501 1554 2504 ,

317 2540 370 2603 sed
393 2542 431 2604 ad
455 2537 669 2620 plenissimam
691 2537 846 2602 rationem
869 2538 990 2603 abunde
1012 2537 1146 2612 suflicit,
1170 2538 1291 2620 quoda
1313 2538 1371 2603 doc
1394 2539 1445 2620 agi

315 2640 378 2704 ista
400 2643 589 2706 demonstro.
612 2641 694 2704 sicut
718 2640 802 2706 anim
825 2642 896 2722 plus
919 2641 966 2705 ost
989 2641 1063 2706 dens
1082 2658 1177 2723 quam
1192 2643 1293 2706 omnis
1308 2642 1478 2708 humanas

315 2742 412 2822 ratio,
442 2745 486 2808 sic
515 2744 589 2826 plus
609 2743 687 2807 mihi
717 2744 809 2809 debet
832 2762 1014 2826 essequam
1041 2745 1138 2823 ratio,
1168 2745 1250 2828 quod
1271 2765 1289 2811 a
1311 2748 1367 2810 deo
1393 2746 1445 2828 agi
1552 2749 1553 2757 ’

315 2846 430 2909 cuncta
452 2863 610 2929 cognosco.
636 2846 718 2910 nihil
740 2863 814 2928 orgo
830 2848 863 2910 in
885 2847 943 2911 hac
965 2867 998 2912 ro
1019 2865 1095 2929 opus
1118 2851 1165 2913 est
1187 2866 1304 2914 nouum
1326 2848 1445 2930 aliquid

315 2947 436 3013 audire:
460 2948 536 3013 satis
559 2951 601 3013 sit
616 2967 672 3030 pro
688 2949 842 3014 uniuersis
858 2951 1031 3016 rationibus
1049 2953 1156 3015 auctor
1178 2951 1264 3016 dous.
1288 2969 1344 3016 noc
1360 2951 1443 3029 licat,
1551 2939 1552 2979 l

314 3054 350 3115 ut
380 3051 417 3114 de
446 3051 496 3115 his
526 3069 604 3133 quae
634 3053 740 3117 diuino
768 3057 906 3135 aguntur
934 3054 1063 3120 arbitrio
1091 3055 1175 3120 aliud
1205 3053 1291 3119 dicas
1324 3055 1444 3119 iustum

314 3153 400 3218 aliud
422 3154 592 3232 iniustum,
622 3155 696 3237 quia
718 3156 864 3237 quicquid
887 3176 905 3222 a
928 3157 983 3221 deo
1013 3158 1064 3240 agi
1089 3159 1176 3222 uides
1199 3160 1291 3240 atque
1314 3158 1476 3228 conuin-ss
1545 3137 1551 3164 ’Χ

283 3257 408 3336 sceris,
439 3275 563 3322 necesse
585 3260 634 3322 est
655 3257 726 3338 plus
749 3276 843 3340 quam
865 3259 984 3323 iustum
1006 3279 1072 3325 esse
1096 3261 1232 3325 fatearis.
1270 3260 1346 3324 baec
1369 3278 1443 3343 crgo
1549 3329 1550 3334 ,

314 3358 352 3421 de
382 3360 592 3442 gubernaculo
621 3359 672 3423 dei
695 3363 788 3442 atque
811 3360 927 3426 iudicio
951 3363 1178 3444 expeditissime
1208 3380 1244 3427 ac
1269 3362 1444 3428 certissime

314 3459 374 3524 dici
402 3465 540 3543 possunt.
586 3464 793 3546 nequeenim
823 3483 947 3530 necesse
970 3467 1034 3541 est,
1062 3469 1098 3530 ut
1127 3467 1323 3552 argumentis
1352 3485 1444 3532 ame
1548 3481 1549 3532 t

312 3563 478 3648 probetur,
513 3567 595 3647 quod
624 3567 682 3632 hoc
708 3567 792 3652 ipso,
821 3568 895 3650 quia
923 3585 941 3631 a
968 3571 1025 3634 deo
1053 3569 1183 3649 dicitur,
1213 3568 1441 3650 comprobatur.

313 3665 427 3747 itaquo,
451 3685 522 3732 curn
537 3668 669 3752 legimus
691 3671 810 3736 dictum
825 3689 844 3735 a
859 3675 924 3748 deo,
948 3674 1021 3755 quia
1040 3674 1173 3758 aspiciat
1187 3672 1304 3756 iugiter
1319 3690 1476 3738 omnomeo
1547 3689 1548 3696 ¹

312 3769 445 3848 terram,
481 3770 539 3836 hoc
568 3771 634 3854 ipso
662 3773 830 3856 probamus
865 3775 947 3857 quod
982 3776 1112 3859 aspicit,
1143 3775 1216 3859 quia
1247 3773 1384 3858 aspicere
1409 3795 1442 3841 se

312 3871 403 3937 dicit:
419 3891 520 3942 cum,
534 3874 668 3956 legimus
697 3877 778 3958 quod
808 3879 898 3961 regat
925 3881 1035 3943 cuncta
1064 3898 1142 3961 quae
1171 3877 1263 3962 fecit,
1295 3880 1352 3945 hoc
1375 3882 1443 3962 ipso
1546 3881 1547 3884 ’

362 4077 380 4131 3
400 4077 492 4146 »probi
514 4079 665 4134 aualsscant
681 4081 709 4133 A
811 4081 828 4136 5
846 4081 917 4134 enim
935 4097 984 4137 om.
1003 4083 1031 4136 B
1135 4083 1152 4136 6
1176 4083 1443 4140 diuinitatisusul·

310 4163 369 4217 ficit
386 4164 414 4218 A
518 4164 533 4218 7
552 4167 688 4220 oraculum
701 4167 853 4221 mlibellis
871 4169 899 4221 A
1001 4170 1018 4223 9
1035 4170 1167 4225 inclmuis
1185 4171 1213 4225 A
1317 4173 1349 4227 15
1368 4176 1442 4242 qnod

311 4247 363 4302 tibi
389 4250 418 4303 Β
518 4251 553 4306 24
578 4251 682 4306 iustum
706 4268 755 4307 om.
780 4254 808 4307 Β
829 4258 897 4309 m.1
1002 4255 1035 4310 25
1062 4257 1109 4326 agi
1133 4273 1149 4310 a
1170 4257 1220 4313 deo
1242 4259 1319 4314 uides
1343 4259 1371 4312 Β

311 4334 458 4388 certissime
478 4338 590 4405 scripsi:
617 4337 766 4392 fortissime
789 4340 846 4394 AB
858 4341 988 4396 Halmius
1090 4343 1125 4397 30
1147 4344 1261 4414 aspiciat
1284 4361 1319 4400 aa
1342 4343 1443 4414 aspicit

309 4420 339 4474 Β
356 4435 426 4475 cerr.
532 4423 565 4478 31
583 4423 653 4492 quod
670 4425 777 4495 aspicit]
796 4425 868 4494 quod
885 4427 998 4495 aspiciat
1016 4429 1044 4482 Β
