3178 5100
515 499 553 553 ad
571 500 750 554 eeclesiam
772 501 787 554 Ι
806 506 821 566 5
840 501 951 556 24-30.
1234 503 1299 569 233

166 691 207 756 ad
238 705 335 756 unum
371 707 523 774 quemque
557 692 716 758 nostrum:
754 692 902 756 honora
931 691 1129 757 dominum
1157 691 1201 754 de
1232 693 1300 774 tua

167 795 407 860 substantia.
431 795 702 873 etalibiredde‚
726 794 1041 877 inquitnebitum
1063 796 1181 859 tunm.
1206 807 1300 876 quarn

167 900 237 980 pius
275 903 306 962 st
342 899 518 979 intergens·
545 900 688 964 dominus
726 900 809 964 dens:
839 902 957 975 noster,
996 898 1137 961 innitens
1172 915 1229 964 nos
1260 897 1300 962 ad

169 995 359 1084 erogandam
381 1004 522 1069 terrenae
545 1002 736 1067 substantiae
757 997 965 1066 aesinam!
997 1001 1162 1075 honora,
1186 1002 1299 1084 inquit,

149 1105 367 1170 edominum
390 1106 434 1169 do
456 1109 525 1169 tna
547 1105 790 1170 substantia.
826 1123 897 1171 enm
919 1107 1023 1171 toturn
1038 1121 1131 1168 snam
1154 1104 1199 1168 sit
1218 1106 1300 1186 quod

168 1211 207 1275 ab
230 1225 266 1273 ao
287 1211 472 1291 teneamus,
507 1212 648 1274 nostram
677 1225 743 1274 esso
773 1209 849 1276 diait
872 1213 908 1273 u't
931 1211 1050 1286 damus,
1067 1247 1069 1254 ·
1085 1209 1153 1272 ideo
1177 1207 1300 1272 seiiieet

165 1315 312 1377 nostram·
334 1312 491 1396 appellans
513 1314 737 1395 proprietatem
759 1313 969 1395 possessionis,
991 1313 1142 1376 ntnraior
1158 1311 1300 1376 sit-'rner-

170 1433 219 1480 aes
243 1417 411 1500 operantis,
435 1418 509 1498 quia
531 1417 602 1498 plns
624 1418 785 1482 irnotnurn
807 1431 931 1482 nareae
953 1418 1001 1481 est
1023 1415 1299 1500 iargitornaoeat,

169 1519 222 1584 ubi
245 1521 284 1584 ds
307 1537 363 1584 son
386 1520 511 1586 uidetur
533 1539 599 1586 esse
623 1521 760 1603 largitio.

136 1669 160 1707 ιο
211 1641 266 1705 VI.
303 1641 364 1706 Sed
396 1647 503 1706 tamon
537 1658 587 1707 ne·
607 1644 666 1708 hoo
700 1645 766 1726 ipso
801 1642 937 1708 humana
971 1662 1057 1707 mens
1090 1642 1351 1722 insolesceretass

170 1745 250 1826 quod
274 1745 484 1810 substantians
507 1747 588 1811 hano
603 1748 746 1812 dominns
770 1750 907 1812 nostram
923 1763 990 1810 essa
1009 1745 1147 1821 dixisset,
1171 1745 1299 1811 adierit:

167 1850 285 1914 redde
314 1851 491 1914 debiturn
521 1856 647 1916 tunm:
677 1852 736 1914 hoo
762 1857 818 1927 est,
849 1857 885 1914 ut
908 1869 1001 1932 qnam
1023 1840 1146 1915 deuotio
1168 1867 1230 1914 non
1252 1853 1301 1915 in·

167 1942 278 2016 iieoret
301 1955 340 2017 ad
370 1952 565 2036 largiendum
596 1957 763 2019 necessitas
795 1957 919 2034 cogeret
941 1953 981 2017 ad
1009 1953 1239 2033 exsoluendam,
1270 1956 1302 2017 et

170 2075 261 2138 quem
294 2059 334 2120 ad
366 2069 440 2137 opus
473 2061 617 2120 sanotnnr
645 2057 726 2120 fides
754 2061 810 2120 sna
841 2057 909 2138 ipsa
939 2075 1000 2121 non
1031 2057 1170 2122 traheret
1193 2056 1301 2121 saltim

139 2161 339 2226 reneoessitas
368 2162 531 2226 coartaret.
570 2161 655 2242 prius
679 2161 740 2224 ait:
772 2161 924 2224 honora
946 2160 1146 2224 dominum
1170 2161 1213 2224 da
1235 2164 1303 2224 tna

171 2263 416 2346 substantia,
439 2263 551 2328 deinde
572 2265 706 2341 redde,
731 2264 849 2345 inquit,
881 2264 1062 2328 debiturn
1085 2267 1204 2328 tunm.
1243 2265 1302 2329 hoo

170 2371 218 2430 est
241 2367 361 2431 disere:
388 2367 414 2429 si
437 2369 567 2431 deuotus
590 2387 631 2444 es,
656 2369 695 2430 da
717 2368 806 2448 qnasi
829 2371 930 2446 tunm,
961 2367 987 2430 si
1011 2369 1186 2444 iudanoma
1210 2367 1302 2432 redde

171 2471 261 2551 quasi
291 2487 352 2534 non
379 2475 479 2535 tuum.
517 2471 597 2535 bene
624 2473 730 2553 itaque
752 2471 856 2552 posnit
879 2475 911 2535 et
934 2471 1029 2536 dandi
1052 2471 1246 2535 uoluntatem
1271 2474 1303 2534 et

172 2574 312 2639 soluendi
335 2575 562 2638 nenessitatem.
594 2574 852 2656 honestatique
876 2576 976 2640 dicere
996 2575 1080 2640 omni
1104 2575 1238 2638 homini:
1263 2575 1354 2644 adro

141 2682 248 2760 aopts
271 2680 414 2743 sanctuni
436 2679 469 2744 at
492 2679 667 2744 hortatione
683 2680 827 2744 innitaris
843 2683 876 2744 et
890 2681 1046 2744 exactione
1063 2679 1300 2761 oonstrin'geris:

170 2782 225 2856 da,
260 2783 288 2845 si
319 2781 382 2860 nis,'
416 2783 519 2859 redde,
554 2785 579 2847 si
611 2801 671 2848 non
705 2783 762 2848 uis.
801 2783 961 2865 apostolus
993 2790 1113 2865 quoque
1143 2783 1176 2846 id
1198 2783 1302 2865 ipsam

172 2902 302 2949 monens
326 2885 481 2950 diuitibus
503 2889 663 2968 praecipit,
687 2905 725 2951 ne
753 2889 884 2970 superbe
907 2887 1032 2969 sapiant
1055 2906 1153 2968 neque
1177 2885 1305 2969 sperent

172 2989 203 3051 in
226 2989 344 3054 inserto
368 2989 549 3055 dinitiarum
566 2991 619 3055 sed
641 2992 679 3054 in·
695 2991 751 3055 deo
774 2993 863 3057 uino:
887 2993 951 3073 qui
972 2989 1159 3072 praestat
1182 2989 1303 3063 nobis,

172 3077 283 3173 inquit,
314 3093 444 3158 omnia
466 3093 510 3157 ad
534 3093 740 3158 fruendum
762 3094 803 3158 in
826 3091 1038 3158 uoluntate
1061 3108 1221 3174 opernm
1244 3091 1304 3154 bo-

139 3209 317 3261 sanornm.
356 3216 416 3261 uno
445 3199 539 3275 dioto¹
557 3199 725 3280 utrumqne
756 3197 871 3274 docuit,
903 3197 966 3261 'hoo
996 3198 1044 3259 est
1073 3195 1187 3277 et'qni
1205 3193 1304 3258 ¹daret

175 3297 302 3364 diuitias
333 3305 365 3364 at
396 3317 451 3365 our
481 3305 587 3366 daret:
629 3303 732 3366 dicens
762 3301 846 3364 enirn
877 3299 1065 3382 sperandum
1096 3316 1114 3363 a
1144 3298 1217 3372 deo,
1245 3295 1357 3378 'qu130

174 3405 309 3488 praestet
332 3397 445 3481 omnia,
469 3405 605 3469 ostendit
627 3422 646 3467 a
668 3407 724 3468 deo
747 3404 862 3467 diuites
885 3404 961 3480 fieri,
985 3398 1102 3467 addans
1125 3401 1231 3464 autern
1253 3391 1305 3464 ‘in

175 3507 382 3572 uoluntate
406 3525 559 3589 operum
583 3496 779 3572 bonorum'
810 3501 898 3572 dotet
921 3505 953 3569 id
976 3507 1091 3588 ipsum,
1121 3503 1203 3587 qnod
1226 3503 1305 3568 dixit

176 3609 271 3674 adeo
295 3609 402 3692 tribui,
426 3612 551 3694 proptor
572 3612 652 3676 bona
673 3611 799 3675 tantum
823 3619 925 3691 opera
938 3611 1102 3691 praestari:
1125 3609 1306 3690 praestat

278 3816 292 3869 1
313 3815 392 3870 Pron.
411 3815 435 3877 3,
453 3817 469 3868 9
573 3814 706 3868 2Eceles.
725 3814 750 3878 4,
768 3815 785 3867 8
888 3813 922 3866 23
946 3813 960 3866 1
979 3811 1049 3866 Tim.
1067 3814 1092 3876 6,
1112 3812 1142 3866 17

226 4005 244 4056 2
267 4004 438 4072 inquid'AB
540 4005 636 4072 3pius
654 4004 723 4057 AB:
750 4004 811 4071 pins
828 4007 875 4056 ¹ost
892 4004 1022 4058 Halmius
1039 4003 1082 4056 ru't
1099 4003 1238 4056 attererem

163 4091 192 4143 -4
209 4091 305 4160 inquid
322 4093 378 4144 AB
464 4091 638 4159 bdominnrn]
657 4091 702 4144 drir
721 4090 748 4146 B
766 4089 849 4154 (idem
863 4089 950 4158 potato
967 4096 1035 4144 orote
1052 4090 1128 4153 dnm)
1206 4087 1222 4140 7
1240 4102 1307 4139 mar-

174 4192 219 4231 oas
237 4191 272 4231 ea
289 4179 385 4232 merois
398 4193 472 4232 reon.
491 4180 559 4232 aa2
576 4177 633 4230 AB
733 4177 766 4230 12
783 4176 906 4229 inliceret
924 4193 944 4230 s.
964 4192 982 4228 n
1000 4191 1051 4230 ser.
1069 4175 1079 4228 1
1096 4176 1165 4227 m.2
1182 4173 1238 4226 ΑΒ

173 4265 211 4320 14
228 4263 295 4318 fidos
314 4279 347 4318 ero
364 4261 426 4318 fidis
444 4279 515 4320 oorr.
533 4279 568 4319 m.
582 4265 602 4316 2
618 4262 646 4316 A
741 4261 799 4330 ipsa
816 4263 848 4316 tre
866 4261 893 4316 ’Β
908 4267 1007 4330 perant
1056 4296 1058 4304 ,
1104 4260 1136 4313 15
1150 4265 1215 4328 post
1231 4260 1307 4328 prins

171 4365 196 4406 a.
215 4351 234 4406 1.
252 4349 317 4404 aad.
334 4365 400 4420 orgo
418 4355 483 4405 aa2
500 4353 526 4404 A
546 4349 685 4414 (1111111.
699 4347 846 4414 Boionius)
934 4347 966 4400 16
984 4344 1078 4415 inquid
1096 4343 1123 4398 Β
1212 4345 1243 4398 11
1262 4345 1305 4414 da]

172 4435 258 4492 reddo
270 4451 304 4492 ea
317 4437 350 4490 de
369 4451 436 4492 σοιν.
450 4454 483 4492 m.
498 4439 518 4491 2
536 4438 564 4491 B
650 4435 684 4489 24
702 4434 798 4502 inquid
810 4433 887 4487 nobis
907 4434 934 4487 B
1022 4431 1055 4485 27
1073 4435 1194 4501 praestat
1211 4432 1238 4485 B
