3134 5098
220 441 308 496 mn

265 657 297 730 p
327 663 373 698 ε
402 629 598 705 editionem
617 629 821 729 prinoipem
848 627 1066 704 Siehardi
1086 629 1216 727 (Basil.
1241 633 1356 726 1528)

295 779 433 852 :qnam
479 777 565 826 oum
606 751 686 850 ipse
736 751 918 850 inspieere
961 776 1039 825 non
1081 751 1266 850 potuerim
1310 777 1355 826 ex

327 872 486 946 editione
524 870 723 948 Halmiena
763 870 885 946 citaui.
937 896 1030 970 quas
1065 895 1155 945 uero
1192 870 1356 946 eontinet

325 987 626 1092 interpolationes
654 990 766 1068 modo
802 981 991 1066 breuiores
1016 989 1129 1067 modo
1157 989 1356 1092 ampliores

261 1169 292 1206 .·
326 1093 369 1189 er
379 1197 387 1218 ,f
399 1113 551 1212 ingenio
585 1112 720 1212 partim
753 1111 849 1186 male
885 1111 1013 1186 sedulo
1049 1111 1181 1210 partim
1209 1113 1355 1186 aliunde

278 1291 282 1298 .
325 1233 479 1310 haustas
517 1259 594 1308 non
632 1233 671 1306 in
708 1232 985 1307 adnotationem
1027 1229 1190 1308 oritioam
1230 1237 1354 1334 reoepi

267 1340 274 1460 Ἰ
325 1354 396 1446 nisi
434 1353 478 1456 in*
512 1352 638 1452 plures
680 1352 857 1429 editiones
899 1378 994 1452 quae
1034 1351 1082 1426 ad
1121 1351 1355 1429 Halmium

325 1499 444 1574 usque
471 1471 642 1577 prodiere
670 1472 767 1545 uiam
796 1499 901 1546 suam
927 1472 1159 1547 inuenerunt.
1234 1559 1237 1566 ,

273 1717 334 1790 Ad
366 1716 502 1791 horum
537 1726 661 1789 autem
698 1711 948 1788 subsidiorum
979 1714 1093 1787 fidem
1128 1727 1163 1789 et
1198 1716 1355 1790 auetori-

223 1849 330 1912 tatem
377 1835 478 1936 quod
522 1836 652 1910 attinet
695 1861 845 1934 operam
884 1846 1050 1908 nostram
1090 1835 1166 1908 fere
1206 1862 1355 1910 omnem

224 1967 510 2032 consentaneum
538 1957 661 2031 uisum
680 1968 735 2030 est
761 1954 829 2027 niti
849 1953 1038 2029 eodieibus
1065 1955 1101 2028 A
1129 1966 1164 2028 et
1190 1955 1235 2044 Β,
1265 1982 1358 2054 quo·

223 2104 304 2151 rum
340 2075 433 2151 alter
458 2077 493 2149 A
527 2074 619 2150 adeo
655 2075 765 2174 longe
798 2075 989 2190 primarias
1016 2088 1136 2178 partes
1162 2075 1284 2170 habet,
1313 2090 1358 2151 ut

224 2224 300 2273 non
326 2191 511 2297 potuerim
539 2194 699 2271 auctoris
726 2197 844 2272 uerba
869 2195 1024 2270 nonita
1051 2196 1281 2292 constituere,
1314 2209 1358 2272 ut

225 2319 406 2418 quidquid
433 2318 472 2392 in
500 2317 638 2392 eisdem
668 2319 830 2417 reperias
858 2342 903 2390 ex
930 2315 1060 2390 eodem
1079 2316 1261 2394 ‘haustum
1288 2345 1356 2416 pu·

224 2438 376 2515 tandum
419 2439 467 2514 sit
505 2439 617 2513 modo
652 2465 699 2512 ne
736 2438 935 2513 adnotatio
964 2437 1089 2512 britios
1127 2437 1356 2513 contrarium

226 2562 390 2635 adnuet..
420 2570 578 2657 uterque
603 2558 754 2656 quidem
780 2559 902 2633 codex·
921 2558 1039 2649 fluxit,
1071 2556 1112 2631 id
1138 2558 1240 2656 quod
1266 2561 1358 2634 satis

225 2683 263 2755 in
272 2679 590 2756 *commentatione
606 2705 719 2778 supra
733 2679 827 2754 dieta
842 2677 1114 2753 demonstrasse
1124 2678 1213 2755 mibi
1227 2679 1361 2754 uideor

227 2815 265 2876 et
305 2812 459 2900 aoeepta
496 2799 766 2877 Weihriehii
811 2796 1021 2874 conlatione
1050 2798 1173 2873 'etiam
1220 2800 1358 2876 oertius

225 2921 390 3023 profiteri
417 2920 546 3010 ausim,
575 2946 619 2994 ex
646 2947 720 2995 uno
749 2919 953 3016 eodemque
979 2917 1190 3019 archetypo.
1227 2932 1267 2994 at
1292 2921 1358 3018 qui

227 3043 393 3118 oodioem
419 3043 455 3116 A
481 3040 645 3115 exarauit
676 3039 794 3114 multo
829 3037 1042 3136 diligentius
1066 3050 1105 3112 et
1131 3040 1359 3115 ennoleatius

227 3190 305 3238 rem
332 3164 405 3262 egit
431 3189 542 3261 quem
562 3161 627 3259 qui
645 3161 810 3235 oodioem
837 3159 873 3232 Β
900 3159 1120 3258 eonseripsit
1136 3187 1214 3235 non
1236 3162 1358 3236 solum

226 3285 322 3358 iusto
362 3309 472 3381 saepe
512 3281 767 3380 neglegentius
807 3279 873 3355 sed
906 3280 1017 3355 etiam
1053 3279 1155 3354 haud
1187 3307 1272 3357 raro
1301 3283 1359 3355 sui

226 3405 342 3502 ipsius
378 3402 527 3502 ingenio
563 3401 648 3502 plus
684 3428 797 3502 quam
831 3401 925 3476 fonti
957 3427 1023 3476 suo
1057 3401 1143 3476 fidei
1179 3402 1356 3476 tribuens.

228 3551 313 3600 eum
347 3549 436 3598 uero
471 3535 506 3597 et
542 3521 680 3597 codieis
706 3522 742 3595 A
777 3532 1007 3595 exoratorem
1042 3547 1118 3596 non
1153 3548 1358 3620 numquam

227 3646 275 3719 ita
303 3643 521 3722 dormitasse
543 3642 583 3716 in
600 3655 729 3743 aperto
758 3642 814 3731 sit,
842 3653 883 3715 ut
910 3639 1104 3716 oculorum
1130 3641 1358 3717 aberratione

228 3765 412 3846 omitteret
444 3764 518 3838 alia
552 3763 625 3838 alia
657 3764 780 3837 minus
809 3761 991 3860 sagaciter
1019 3763 1188 3836 minusue
1215 3764 1358 3837 curiose

227 3886 431 3986 indagaret,
461 3911 555 3985 quae
588 3885 628 3963 in
661 3885 860 3986 archetypo
899 3909 966 3958 suo
1006 3884 1209 3976 inuenerat,
1252 3885 1358 3958 etiam

229 4006 344 4082 codici
372 4007 408 4080 Β
439 4003 559 4080 multa
594 4004 776 4082 debentur
803 4015 839 4078 et
873 4004 1111 4080 retribuenda
1146 4017 1242 4082 stmt.
1284 4031 1358 4105 quo

228 4126 367 4200 factum
406 4138 471 4221 est,
517 4137 559 4201 ut
599 4127 707 4202 etiam
751 4126 888 4202 codiois
919 4128 956 4201 B
996 4128 1118 4200 uarias
1158 4126 1359 4224 scripturas

230 4271 365 4344 easque
394 4247 560 4346 integras
593 4247 818 4322 adnotationi
852 4247 996 4322 naticae
1029 4246 1140 4320 inseri
1167 4257 1358 4321 eonsenta-

229 4391 340 4440 neum
367 4366 567 4443 uideretur.
