3178 5100
290 443 354 511 228
780 448 936 502 Saluiani

291 635 367 720 pelli
390 656 423 704 se
446 639 613 725 pignorum
641 657 716 705 cara
738 644 769 705 ot
791 640 881 722 quasi
903 640 1041 706 uiolento
1063 640 1200 708 filiorum
1223 658 1326 706 amore
1351 659 1425 708 oau-

291 744 411 805 sautur.
450 743 540 824 quasi
569 762 643 808 uero
672 743 859 825 quicumque
893 746 999 826 patres
1034 749 1109 810 eunt
1140 762 1337 827 nequaquam
1368 748 1424 810 aut

289 845 409 926 possint
436 846 491 911 aut
515 847 653 913 debeant
680 847 806 912 omuino
836 865 905 912 esse
933 846 995 912 nisi
1018 847 1132 914 diuites
1156 848 1189 912 et
1212 867 1317 913 amare
1339 847 1424 915 filios

291 967 362 1014 suos
392 947 457 1014 sine
488 966 582 1032 opum
613 949 878 1032 multiplicatione
899 967 961 1016 non
983 951 1120 1030 ualeant,
1144 952 1200 1016 aut
1222 969 1296 1016 uero
1318 949 1423 1016 uirtus

291 1071 326 1116 ac
348 1053 505 1117 medullae
527 1051 696 1117 affectuum
715 1051 854 1118 auaritia
877 1057 908 1117 et
928 1053 1115 1137 cupiditates
1138 1055 1219 1120 sint:
1244 1053 1317 1136 quia
1338 1053 1423 1118 soili-
1445 1075 1458 1116 s
1572 1119 1573 1128 ,

291 1156 350 1234 oet,
373 1157 410 1220 ut
431 1154 482 1221 illi
512 1157 635 1237 putant,
664 1155 747 1220 'sicut
770 1173 882 1237 corpus
909 1156 976 1222 sino
999 1158 1148 1234 medulla,
1177 1157 1223 1224 sic
1247 1175 1333 1224 arnor
1356 1157 1424 1222 sino

242 1255 281 1319 12
291 1257 463 1340 cupiditate
495 1276 561 1324 esso
592 1276 656 1323 non
688 1257 798 1341 possit
833 1262 914 1341 quod
943 1261 970 1325 ei
998 1261 1046 1326 ita
1077 1263 1136 1339 est,
1170 1263 1271 1326 omnis
1306 1260 1424 1342 absque

291 1361 383 1426 dubio
406 1360 506 1443 pietus
528 1361 605 1426 mali
629 1379 722 1426 causa
745 1363 804 1438 est,
827 1381 926 1445 nequo
940 1362 974 1427 in
990 1381 1026 1429 oa
1040 1381 1149 1430 seusus
1165 1367 1238 1430 sunt
1253 1362 1424 1430 affectuum

289 1465 440 1530 bonorum
465 1464 518 1530 sed
541 1465 702 1530 incestius
725 1465 884 1531 uitiorum.
919 1470 952 1531 ot
974 1469 1028 1533 ubi
1049 1467 1131 1532 illud
1158 1485 1280 1532 sacrum
1296 1467 1423 1532 diuinae

291 1570 486 1634 auctoritatis
514 1569 690 1634 oraculum:
720 1571 852 1650 pietas
875 1570 920 1634 ad
943 1571 1075 1636 omnia
1102 1570 1220 1636 utilis
1249 1573 1332 1634 est?
1364 1570 1457 1635 hocne

291 1671 374 1736 enim
407 1671 497 1737 modo
526 1690 588 1736 non
617 1673 719 1738 solum
749 1689 811 1737 non
839 1674 876 1738 ad
910 1674 1015 1740 omnia
1051 1673 1141 1740 utilis
1175 1675 1228 1741 eod
1260 1691 1359 1755 paene
1389 1673 1423 1740 iu

290 1775 433 1841 omnibus
455 1775 635 1840 insalubris.
674 1777 700 1841 si
724 1776 808 1840 enim
838 1778 1016 1859 generatrix
1037 1777 1246 1860 cupiditatum
1269 1778 1325 1854 ost,
1348 1776 1421 1857 plus
1450 1814 1453 1821 ·

289 1878 323 1942 in
346 1897 378 1943 se
400 1877 501 1943 multo
523 1879 680 1944 malorum
704 1879 843 1944 continet
866 1899 959 1962 quam
982 1880 1134 1946 bonormn
1148 1879 1320 1946 secuudum
1342 1877 1423 1944 illud

241 1983 604 2064 l3ecripturae=saoraez
635 1983 746 2047 radix
774 1982 943 2048 omnium
974 1985 1165 2050 malornm
1187 1987 1249 2050 est
1271 1983 1424 2064 cupidi-

290 2089 356 2154 tas.
390 2085 496 2166 itaque
523 2087 551 2150 si
579 2085 667 2150 radix
683 2087 850 2151 malorum
884 2087 1026 2155 omnium
1059 2089 1107 2154 est
1139 2087 1293 2170 cupiditas
1328 2089 1458 2170 atquem

289 2189 367 2254 haec
394 2188 522 2271 pietatis
551 2189 683 2253 matrice
713 2189 854 2273 gignitur
877 2192 908 2253 et
930 2191 1020 2271 qussi
1050 2191 1153 2258 uiroso
1180 2192 1319 2258 eiusdem
1342 2191 1425 2258 lacte

290 2293 438 2369 nutritur,
468 2311 529 2358 non
559 2293 625 2358 tam
655 2293 811 2376 cupiditas
841 2294 1102 2375 reprehendenda,
1138 2313 1215 2377 quae
1238 2314 1274 2360 er
1305 2295 1425 2377 pietate

289 2395 419 2480 parente
434 2396 584 2474 nascitur,
606 2415 702 2478 quam
717 2397 786 2479 ipsa
799 2396 911 2478 pietas,
932 2416 968 2462 er
984 2416 1046 2479 qua
1060 2398 1134 2464 talis
1150 2398 1215 2464 filia
1229 2402 1422 2480 procreatur.

290 2520 349 2583 quo
379 2499 415 2567 dt
445 2503 491 2576 ut,
526 2500 554 2566 si
581 2502 646 2566 tam
675 2500 825 2582 pestilens
855 2501 904 2570 ost
932 2502 1033 2583 pietas
1056 2519 1092 2569 ac
1113 2504 1181 2569 tam
1211 2520 1331 2580 nocens,
1365 2521 1424 2567 neo

291 2621 395 2670 amare
419 2603 563 2685 expediat
584 2623 641 2670 nec
662 2603 771 2680 amari,
803 2604 876 2687 quia
899 2624 955 2670 neo
977 2609 1123 2688 parentes
1145 2625 1282 2672 amorem
1306 2607 1458 2671 debentes
1573 2637 1574 2656 κ

290 2707 433 2789 adpetere
455 2706 516 2772 sibi
537 2706 663 2772 noxium
686 2725 742 2771 uec
763 2707 940 2775 desiderare
962 2708 1020 2775 filii
1038 2708 1220 2792 parentibus
1236 2709 1421 2774 offuturum.

240 2812 281 2876 14
290 2810 435 2892 quamuis
464 2809 518 2876 ille
539 2827 601 2876 non
623 2811 804 2892 parentibus
832 2813 959 2878 tantum
982 2816 1035 2880 sod
1058 2813 1154 2878 otiam
1177 2812 1251 2879 filiis
1274 2813 1423 2878 morbum

289 2913 381 2996 ferat,
404 2913 478 2996 quia
500 2912 619 2980 stillis
643 2916 749 2998 grauis
771 2918 829 2991 est,
860 2919 913 2999 qni
934 2916 1124 3000 perniciosas
1147 2917 1272 3000 pariunt
1294 2916 1422 2982 heredi-

290 3020 383 3096 tates,
407 3016 534 3095 stillis,
559 3018 613 3100 qui
635 3019 719 3084 inter
741 3019 997 3102 inprobissimum
1012 3022 1177 3102 quaestum
1199 3019 1321 3103 inprobi
1345 3020 1422 3084 edu-

290 3123 400 3186 oautnr
433 3121 568 3188 heredes.
605 3124 637 3186 et
666 3122 741 3188 hinc
769 3125 826 3200 eet,
861 3123 944 3205 quod
971 3142 1070 3206 paene
1100 3141 1207 3188 omnes
1235 3123 1458 3205 parentibusas
1573 3119 1574 3136 ³

290 3225 355 3289 suis
389 3224 449 3290 filii
482 3242 544 3290 non
577 3225 677 3309 magis
700 3227 733 3292 in
755 3227 945 3308 patrimonia
967 3246 1062 3310 quam
1083 3228 1116 3295 iu
1143 3226 1223 3294 uitia
1250 3228 1423 3294 succedunt

290 3345 347 3392 nec
368 3330 468 3412 magis
491 3331 659 3396 facultates
682 3331 829 3411 pateruae
850 3335 978 3396 sumunt
1001 3350 1095 3413 quam
1115 3332 1299 3415 plenitates,
1322 3349 1359 3398 ac
1377 3330 1423 3398 sio

291 3435 488 3498 transeuntes
521 3451 643 3514 semper
669 3433 705 3498 iu
727 3452 827 3498 morae
860 3438 987 3517 patrum
1016 3436 1089 3500 ants
1122 3453 1230 3502 eorum
1263 3433 1427 3522 incipiunt

289 3534 463 3616 nequitiam
486 3555 579 3618 qnam
602 3537 814 3602 substantiam
835 3539 1001 3620 possidere.
1039 3540 1119 3605 bonu
1140 3539 1228 3602 enim
1250 3540 1422 3619 pareutum

392 3757 426 3809 10
448 3756 463 3810 I
482 3757 550 3810 Tim.
569 3757 594 3823 4,
612 3757 629 3810 8
734 3761 766 3814 14
788 3762 802 3814 1
821 3761 890 3815 Tim.
908 3763 933 3825 6,
953 3761 987 3814 10

341 3964 358 4018 5
375 3964 424 4016 aut
442 3963 574 4017 medullae
592 3963 717 4018 affectum
737 3965 765 4020 Β
868 3968 884 4022 9
907 3967 977 4022 illud
995 3965 1059 4021 odd.
1077 3967 1109 4020 o'a
1127 3981 1215 4036 morp.
1233 3965 1286 4019 erit
1303 3983 1338 4020 m.
1357 3971 1376 4022 2
1393 3969 1423 4022 A

286 4049 327 4114 (et
349 4048 443 4118 aclqo)
549 4049 582 4102 16
609 4050 719 4119 matrice
744 4051 774 4105 Β
880 4054 911 4107 ll
938 4051 1100 4123 reprehende
1126 4052 1154 4105 B
1259 4051 1291 4106 18
1315 4065 1346 4106 ex
1369 4069 1423 4122 quc

289 4132 316 4186 Β
419 4133 453 4186 21
475 4133 598 4203 adpetere
620 4150 641 4188 a.
664 4135 751 4194 door.
770 4152 787 4205 p
808 4142 879 4193 ma
901 4140 929 4192 A
1032 4137 1190 4193 obfuturum
1213 4153 1247 4192 es
1270 4137 1424 4194 offuturum

289 4235 322 4272 m.
342 4221 362 4272 2
384 4219 412 4274 A
515 4220 549 4274 24
572 4221 694 4290 inprobie
717 4223 849 4278 docentur
865 4229 935 4281 om
960 4227 988 4279 A
1091 4224 1124 4278 27
1148 4224 1297 4292 prauitates
1316 4239 1351 4278 erc
1369 4226 1423 4280 -tis

289 4319 359 4358 corr.
377 4308 443 4445 mi?
460 4308 488 4361 A
591 4307 625 4362 29
643 4323 724 4377 quam
741 4310 926 4367 substantiam
943 4327 994 4366 om.
1013 4311 1041 4366 Β
1139 4311 1212 4366 onim
1230 4325 1283 4366 non
1301 4310 1422 4366 sednon

285 4395 382 4457 pocot.
