<?xml version="1.0" encoding="UTF-8"?>
<!DOCTYPE html PUBLIC "-//W3C//DTD XHTML 1.0 Transitional//EN"
    "http://www.w3.org/TR/xhtml1/DTD/xhtml1-transitional.dtd">
<html xmlns="http://www.w3.org/1999/xhtml" xml:lang="en" lang="en">
 <head>
  <title>
</title>
<meta http-equiv="Content-Type" content="text/html;charset=utf-8" />
  <meta name='ocr-system' content='tesseract 3.04.00' />
  <meta name='ocr-capabilities' content='ocr_page ocr_carea ocr_par ocr_line ocrx_word'/>
</head>
<body>
  <div class='ocr_page' id='page_1' title='image "./corpusscriptoru07wissgoog_0054.png"; bbox 0 0 3134 5098; ppageno 0'>
   <div class='ocr_carea' id='block_1_1' title="bbox 493 469 1273 582">
    <p class='ocr_par' dir='ltr' id='par_1_1' title="bbox 493 469 1273 582">
     <span class='ocr_line' id='line_1_1' title="bbox 493 469 1273 582; baseline 0.003 -16"><span class='ocrx_word' id='word_1_1' title='bbox 493 511 531 566; x_wconf 75' lang='lat' dir='ltr'><strong>re</strong></span> <span class='ocrx_word' id='word_1_2' title='bbox 548 510 684 582; x_wconf 71' lang='lat' dir='ltr'><strong>gubern.</strong></span> <span class='ocrx_word' id='word_1_3' title='bbox 702 511 754 567; x_wconf 75' lang='lat' dir='ltr'><strong>rer</strong></span> <span class='ocrx_word' id='word_1_4' title='bbox 775 511 805 568; x_wconf 89' lang='lat'><strong>11</strong></span> <span class='ocrx_word' id='word_1_5' title='bbox 823 515 838 577; x_wconf 78' lang='lat' dir='ltr'><strong>s</strong></span> <span class='ocrx_word' id='word_1_6' title='bbox 857 469 933 568; x_wconf 58' lang='lat' dir='ltr'><strong>rsso.</strong></span> <span class='ocrx_word' id='word_1_7' title='bbox 1233 514 1273 581; x_wconf 81' lang='lat'><strong>31</strong></span> 
     </span>
    </p>
   </div>
   <div class='ocr_carea' id='block_1_2' title="bbox 117 699 1310 3260">
    <p class='ocr_par' dir='ltr' id='par_1_2' title="bbox 117 699 1310 3260">
     <span class='ocr_line' id='line_1_2' title="bbox 151 699 1276 786; baseline -0.001 -19"><span class='ocrx_word' id='word_1_8' title='bbox 151 701 296 786; x_wconf 80' lang='lat' dir='ltr'><strong>probaret</strong></span> <span class='ocrx_word' id='word_1_9' title='bbox 318 699 441 766; x_wconf 90' lang='lat' dir='ltr'><strong>scilieet</strong></span> <span class='ocrx_word' id='word_1_10' title='bbox 462 699 542 766; x_wconf 80' lang='lat' dir='ltr'>nihil</span> <span class='ocrx_word' id='word_1_11' title='bbox 563 699 604 765; x_wconf 82' lang='lat' dir='ltr'><strong>ab</strong></span> <span class='ocrx_word' id='word_1_12' title='bbox 622 717 657 767; x_wconf 92' lang='lat' dir='ltr'><strong>eo</strong></span> <span class='ocrx_word' id='word_1_13' title='bbox 672 702 807 786; x_wconf 82' lang='lat' dir='ltr'><strong>neglegi,</strong></span> <span class='ocrx_word' id='word_1_14' title='bbox 830 718 924 783; x_wconf 88' lang='lat' dir='ltr'><strong>quem</strong></span> <span class='ocrx_word' id='word_1_15' title='bbox 937 700 1116 768; x_wconf 73' lang='lat' dir='ltr'><strong>ostenderet</strong></span> <span class='ocrx_word' id='word_1_16' title='bbox 1130 701 1276 767; x_wconf 77' lang='lat' dir='ltr'><strong>uniuerso</strong></span> 
     </span>
     <span class='ocr_line' id='line_1_3' title="bbox 150 803 1306 888; baseline -0.002 -16"><span class='ocrx_word' id='word_1_17' title='bbox 150 804 271 872; x_wconf 78' lang='lat' dir='ltr'><strong>rimari.</strong></span> <span class='ocrx_word' id='word_1_18' title='bbox 308 804 390 888; x_wconf 90' lang='lat' dir='ltr'><strong>quod</strong></span> <span class='ocrx_word' id='word_1_19' title='bbox 417 805 455 869; x_wconf 91' lang='lat' dir='ltr'><strong>ut</strong></span> <span class='ocrx_word' id='word_1_20' title='bbox 481 803 606 888; x_wconf 82' lang='lat' dir='ltr'><strong>plenius</strong></span> <span class='ocrx_word' id='word_1_21' title='bbox 636 804 758 888; x_wconf 81' lang='lat' dir='ltr'><strong>capies,</strong></span> <span class='ocrx_word' id='word_1_22' title='bbox 789 803 862 870; x_wconf 82' lang='lat' dir='ltr'><strong>audi</strong></span> <span class='ocrx_word' id='word_1_23' title='bbox 892 804 966 887; x_wconf 90' lang='lat' dir='ltr'><strong>quid</strong></span> <span class='ocrx_word' id='word_1_24' title='bbox 994 805 1029 870; x_wconf 90' lang='lat' dir='ltr'><strong>in</strong></span> <span class='ocrx_word' id='word_1_25' title='bbox 1058 807 1118 871; x_wconf 82' lang='lat' dir='ltr'><strong>elio</strong></span> <span class='ocrx_word' id='word_1_26' title='bbox 1141 803 1306 886; x_wconf 87' lang='lat' dir='ltr'><strong>scriptu-3</strong></span> 
     </span>
     <span class='ocr_line' id='line_1_4' title="bbox 150 905 1276 992; baseline -0.001 -20"><span class='ocrx_word' id='word_1_27' title='bbox 150 925 257 974; x_wconf 83' lang='lat' dir='ltr'><strong>rerum</strong></span> <span class='ocrx_word' id='word_1_28' title='bbox 289 910 356 974; x_wconf 91' lang='lat' dir='ltr'><strong>loco</strong></span> <span class='ocrx_word' id='word_1_29' title='bbox 390 905 474 972; x_wconf 91' lang='lat' dir='ltr'><strong>idem</strong></span> <span class='ocrx_word' id='word_1_30' title='bbox 505 909 641 973; x_wconf 84' lang='lat' dir='ltr'><strong>testetur</strong></span> <span class='ocrx_word' id='word_1_31' title='bbox 673 907 803 992; x_wconf 83' lang='lat' dir='ltr'><strong>spiritns</strong></span> <span class='ocrx_word' id='word_1_32' title='bbox 836 908 976 973; x_wconf 81' lang='lat' dir='ltr'><strong>sanctus:</strong></span> <span class='ocrx_word' id='word_1_33' title='bbox 1011 907 1133 988; x_wconf 76' lang='lat' dir='ltr'><strong>oculi,</strong></span> <span class='ocrx_word' id='word_1_34' title='bbox 1160 906 1276 990; x_wconf 49' lang='lat' dir='ltr'><strong>*inquit</strong></span> 
     </span>
     <span class='ocr_line' id='line_1_5' title="bbox 150 1006 1277 1093; baseline -0.002 -17"><span class='ocrx_word' id='word_1_35' title='bbox 150 1010 302 1078; x_wconf 89' lang='lat' dir='ltr'><strong>domini</strong></span> <span class='ocrx_word' id='word_1_36' title='bbox 336 1026 453 1092; x_wconf 88' lang='lat' dir='ltr'><strong>super</strong></span> <span class='ocrx_word' id='word_1_37' title='bbox 486 1007 680 1075; x_wconf 85' lang='lat' dir='ltr'><strong>timentes</strong></span> <span class='ocrx_word' id='word_1_38' title='bbox 714 1007 815 1091; x_wconf 51' lang='grc' dir='ltr'><strong>οπως</strong></span> <span class='ocrx_word' id='word_1_39' title='bbox 848 1010 892 1075; x_wconf 88' lang='lat' dir='ltr'><strong>ut</strong></span> <span class='ocrx_word' id='word_1_40' title='bbox 924 1006 1073 1093; x_wconf 83' lang='lat' dir='ltr'><strong>eripiet</strong></span> <span class='ocrx_word' id='word_1_41' title='bbox 1103 1027 1124 1076; x_wconf 83' lang='lat' dir='ltr'><strong>e</strong></span> <span class='ocrx_word' id='word_1_42' title='bbox 1152 1013 1277 1076; x_wconf 72' lang='lat' dir='ltr'><strong>morte</strong></span> 
     </span>
     <span class='ocr_line' id='line_1_6' title="bbox 129 1111 1277 1196; baseline -0.002 -17"><span class='ocrx_word' id='word_1_43' title='bbox 129 1115 301 1180; x_wconf 73' lang='lat' dir='ltr'><strong>canimus</strong></span> <span class='ocrx_word' id='word_1_44' title='bbox 336 1129 467 1177; x_wconf 86' lang='lat' dir='ltr'><strong>eorum</strong></span> <span class='ocrx_word' id='word_1_45' title='bbox 497 1113 536 1176; x_wconf 93' lang='lat' dir='ltr'><strong>et</strong></span> <span class='ocrx_word' id='word_1_46' title='bbox 565 1111 649 1178; x_wconf 78' lang='lat' dir='ltr'><strong>slot</strong></span> <span class='ocrx_word' id='word_1_47' title='bbox 674 1131 744 1178; x_wconf 91' lang='lat' dir='ltr'><strong>eos·</strong></span> <span class='ocrx_word' id='word_1_48' title='bbox 762 1114 802 1179; x_wconf 88' lang='lat' dir='ltr'><strong>in</strong></span> <span class='ocrx_word' id='word_1_49' title='bbox 823 1113 934 1180; x_wconf 82' lang='lat' dir='ltr'><strong>ieme.</strong></span> <span class='ocrx_word' id='word_1_50' title='bbox 971 1129 1041 1178; x_wconf 87' lang='lat' dir='ltr'><strong>ecoe</strong></span> <span class='ocrx_word' id='word_1_51' title='bbox 1062 1131 1118 1178; x_wconf 88' lang='lat' dir='ltr'><strong>cnr</strong></span> <span class='ocrx_word' id='word_1_52' title='bbox 1140 1113 1277 1196; x_wconf 80' lang='lat' dir='ltr'><strong>aspicere</strong></span> 
     </span>
     <span class='ocr_line' id='line_1_7' title="bbox 148 1214 1276 1300; baseline 0.002 -19"><span class='ocrx_word' id='word_1_53' title='bbox 148 1217 248 1282; x_wconf 85' lang='lat' dir='ltr'><strong>iustos</strong></span> <span class='ocrx_word' id='word_1_54' title='bbox 268 1215 411 1282; x_wconf 85' lang='lat' dir='ltr'><strong>iromines</strong></span> <span class='ocrx_word' id='word_1_55' title='bbox 433 1215 510 1280; x_wconf 85' lang='lat' dir='ltr'><strong>deus</strong></span> <span class='ocrx_word' id='word_1_56' title='bbox 529 1214 666 1299; x_wconf 86' lang='lat' dir='ltr'><strong>dicitur,</strong></span> <span class='ocrx_word' id='word_1_57' title='bbox 691 1215 802 1298; x_wconf 83' lang='lat' dir='ltr'><strong>utique</strong></span> <span class='ocrx_word' id='word_1_58' title='bbox 820 1218 858 1280; x_wconf 92' lang='lat' dir='ltr'><strong>ut</strong></span> <span class='ocrx_word' id='word_1_59' title='bbox 879 1219 1041 1282; x_wconf 83' lang='lat' dir='ltr'><strong>conseruet</strong></span> <span class='ocrx_word' id='word_1_60' title='bbox 1063 1219 1100 1282; x_wconf 88' lang='lat' dir='ltr'><strong>ut</strong></span> <span class='ocrx_word' id='word_1_61' title='bbox 1120 1216 1276 1300; x_wconf 69' lang='lat' dir='ltr'><strong>proteget.</strong></span> 
     </span>
     <span class='ocr_line' id='line_1_8' title="bbox 150 1311 1278 1403; baseline -0.001 -18"><span class='ocrx_word' id='word_1_62' title='bbox 150 1320 295 1402; x_wconf 83' lang='lat' dir='ltr'><strong>espeotus</strong></span> <span class='ocrx_word' id='word_1_63' title='bbox 326 1319 410 1385; x_wconf 86' lang='lat' dir='ltr'><strong>enim</strong></span> <span class='ocrx_word' id='word_1_64' title='bbox 438 1311 618 1384; x_wconf 81' lang='lat' dir='ltr'><strong>diuinitatis</strong></span> <span class='ocrx_word' id='word_1_65' title='bbox 649 1320 802 1403; x_wconf 75' lang='lat' dir='ltr'><strong>propitiae</strong></span> <span class='ocrx_word' id='word_1_66' title='bbox 822 1332 938 1385; x_wconf 88' lang='lat' dir='ltr'><strong>munus</strong></span> <span class='ocrx_word' id='word_1_67' title='bbox 961 1319 1013 1384; x_wconf 90' lang='lat' dir='ltr'><strong>eet</strong></span> <span class='ocrx_word' id='word_1_68' title='bbox 1032 1317 1278 1388; x_wconf 74' lang='lat' dir='ltr'><strong>conuersationis</strong></span> 
     </span>
     <span class='ocr_line' id='line_1_9' title="bbox 150 1421 1277 1507; baseline 0 -21"><span class='ocrx_word' id='word_1_69' title='bbox 150 1423 315 1491; x_wconf 74' lang='lat' dir='ltr'><strong>humente.</strong></span> <span class='ocrx_word' id='word_1_70' title='bbox 347 1439 421 1488; x_wconf 78' lang='lat' dir='ltr'><strong>nem</strong></span> <span class='ocrx_word' id='word_1_71' title='bbox 444 1423 476 1487; x_wconf 92' lang='lat' dir='ltr'><strong>et</strong></span> <span class='ocrx_word' id='word_1_72' title='bbox 497 1421 575 1487; x_wconf 82' lang='lat' dir='ltr'><strong>alibi</strong></span> <span class='ocrx_word' id='word_1_73' title='bbox 598 1423 682 1488; x_wconf 86' lang='lat' dir='ltr'><strong>idem</strong></span> <span class='ocrx_word' id='word_1_74' title='bbox 704 1421 830 1488; x_wconf 86' lang='lat' dir='ltr'><strong>diuinus</strong></span> <span class='ocrx_word' id='word_1_75' title='bbox 853 1422 998 1507; x_wconf 84' lang='lat' dir='ltr'><strong>spiritus:</strong></span> <span class='ocrx_word' id='word_1_76' title='bbox 1020 1423 1140 1504; x_wconf 80' lang='lat' dir='ltr'><strong>oculi,</strong></span> <span class='ocrx_word' id='word_1_77' title='bbox 1163 1422 1277 1506; x_wconf 78' lang='lat' dir='ltr'><strong>inquit,</strong></span> 
     </span>
     <span class='ocr_line' id='line_1_10' title="bbox 151 1526 1277 1610; baseline -0.004 -18"><span class='ocrx_word' id='word_1_78' title='bbox 151 1526 303 1597; x_wconf 87' lang='lat' dir='ltr'><strong>domini</strong></span> <span class='ocrx_word' id='word_1_79' title='bbox 324 1539 440 1610; x_wconf 87' lang='lat' dir='ltr'><strong>super</strong></span> <span class='ocrx_word' id='word_1_80' title='bbox 460 1527 607 1604; x_wconf 78' lang='lat' dir='ltr'><strong>iustos,</strong></span> <span class='ocrx_word' id='word_1_81' title='bbox 631 1527 672 1591; x_wconf 86' lang='lat' dir='ltr'><strong>et</strong></span> <span class='ocrx_word' id='word_1_82' title='bbox 693 1543 806 1591; x_wconf 83' lang='lat' dir='ltr'><strong>auree</strong></span> <span class='ocrx_word' id='word_1_83' title='bbox 822 1528 907 1592; x_wconf 79' lang='lat' dir='ltr'><strong>eius</strong></span> <span class='ocrx_word' id='word_1_84' title='bbox 928 1527 1120 1609; x_wconf 83' lang='lat' dir='ltr'><strong>inprecee</strong></span> <span class='ocrx_word' id='word_1_85' title='bbox 1136 1543 1277 1592; x_wconf 91' lang='lat' dir='ltr'><strong>eorum.</strong></span> 
     </span>
     <span class='ocr_line' id='line_1_11' title="bbox 117 1627 1277 1714; baseline -0.003 -18"><span class='ocrx_word' id='word_1_86' title='bbox 117 1630 239 1710; x_wconf 79' lang='lat' dir='ltr'><strong>recide,</strong></span> <span class='ocrx_word' id='word_1_87' title='bbox 274 1649 335 1713; x_wconf 88' lang='lat' dir='ltr'><strong>que</strong></span> <span class='ocrx_word' id='word_1_88' title='bbox 367 1629 564 1713; x_wconf 78' lang='lat' dir='ltr'><strong>benignitate</strong></span> <span class='ocrx_word' id='word_1_89' title='bbox 594 1645 685 1714; x_wconf 81' lang='lat' dir='ltr'><strong>egere</strong></span> <span class='ocrx_word' id='word_1_90' title='bbox 716 1627 876 1694; x_wconf 82' lang='lat' dir='ltr'><strong>cumeris</strong></span> <span class='ocrx_word' id='word_1_91' title='bbox 900 1629 993 1694; x_wconf 87' lang='lat' dir='ltr'><strong>deum</strong></span> <span class='ocrx_word' id='word_1_92' title='bbox 1016 1628 1277 1714; x_wconf 79' lang='lat' dir='ltr'><strong>scripturudicit.</strong></span> 
     </span>
     <span class='ocr_line' id='line_1_12' title="bbox 150 1732 1277 1816; baseline 0.001 -18"><span class='ocrx_word' id='word_1_93' title='bbox 150 1735 183 1798; x_wconf 90' lang='lat' dir='ltr'><strong>in</strong></span> <span class='ocrx_word' id='word_1_94' title='bbox 207 1733 265 1798; x_wconf 89' lang='lat' dir='ltr'><strong>hoc</strong></span> <span class='ocrx_word' id='word_1_95' title='bbox 285 1732 455 1816; x_wconf 86' lang='lat' dir='ltr'><strong>siqnidem,</strong></span> <span class='ocrx_word' id='word_1_96' title='bbox 487 1732 570 1814; x_wconf 87' lang='lat' dir='ltr'><strong>quod</strong></span> <span class='ocrx_word' id='word_1_97' title='bbox 592 1733 652 1812; x_wconf 81' lang='lat' dir='ltr'><strong>eit,</strong></span> <span class='ocrx_word' id='word_1_98' title='bbox 682 1733 787 1800; x_wconf 89' lang='lat' dir='ltr'><strong>oouloe</strong></span> <span class='ocrx_word' id='word_1_99' title='bbox 816 1732 936 1800; x_wconf 85' lang='lat' dir='ltr'><strong>donnini</strong></span> <span class='ocrx_word' id='word_1_100' title='bbox 964 1751 1057 1815; x_wconf 90' lang='lat' dir='ltr'><strong>snper</strong></span> <span class='ocrx_word' id='word_1_101' title='bbox 1079 1734 1177 1798; x_wconf 84' lang='lat' dir='ltr'><strong>iustos</strong></span> <span class='ocrx_word' id='word_1_102' title='bbox 1200 1750 1277 1813; x_wconf 89' lang='lat' dir='ltr'><strong>esse,</strong></span> 
     </span>
     <span class='ocr_line' id='line_1_13' title="bbox 151 1835 1279 1919; baseline 0 -18"><span class='ocrx_word' id='word_1_103' title='bbox 151 1835 283 1902; x_wconf 83' lang='lat' dir='ltr'><strong>effectus</strong></span> <span class='ocrx_word' id='word_1_104' title='bbox 305 1837 485 1919; x_wconf 75' lang='lat' dir='ltr'><strong>aspicientis</strong></span> <span class='ocrx_word' id='word_1_105' title='bbox 515 1835 708 1916; x_wconf 85' lang='lat' dir='ltr'><strong>ostenditur,</strong></span> <span class='ocrx_word' id='word_1_106' title='bbox 738 1837 773 1901; x_wconf 90' lang='lat' dir='ltr'><strong>in</strong></span> <span class='ocrx_word' id='word_1_107' title='bbox 794 1836 853 1902; x_wconf 90' lang='lat' dir='ltr'><strong>hoc</strong></span> <span class='ocrx_word' id='word_1_108' title='bbox 874 1837 998 1916; x_wconf 85' lang='lat' dir='ltr'><strong>sutem,</strong></span> <span class='ocrx_word' id='word_1_109' title='bbox 1029 1836 1110 1919; x_wconf 87' lang='lat' dir='ltr'><strong>quod</strong></span> <span class='ocrx_word' id='word_1_110' title='bbox 1134 1855 1222 1902; x_wconf 83' lang='lat' dir='ltr'><strong>aures</strong></span> <span class='ocrx_word' id='word_1_111' title='bbox 1244 1837 1279 1901; x_wconf 92' lang='lat' dir='ltr'><strong>in</strong></span> 
     </span>
     <span class='ocr_line' id='line_1_14' title="bbox 150 1937 1278 2024; baseline -0.001 -19"><span class='ocrx_word' id='word_1_112' title='bbox 150 1938 294 2024; x_wconf 79' lang='lat' dir='ltr'><strong>precibus</strong></span> <span class='ocrx_word' id='word_1_113' title='bbox 322 1939 447 2023; x_wconf 84' lang='lat' dir='ltr'><strong>persice</strong></span> <span class='ocrx_word' id='word_1_114' title='bbox 475 1954 612 2022; x_wconf 86' lang='lat' dir='ltr'><strong>semper,</strong></span> <span class='ocrx_word' id='word_1_115' title='bbox 646 1938 841 2006; x_wconf 77' lang='lat' dir='ltr'><strong>exordientis</strong></span> <span class='ocrx_word' id='word_1_116' title='bbox 873 1937 1003 2024; x_wconf 82' lang='lat' dir='ltr'><strong>largitae</strong></span> <span class='ocrx_word' id='word_1_117' title='bbox 1032 1940 1278 2005; x_wconf 79' lang='lat' dir='ltr'><strong>demonstretur:</strong></span> 
     </span>
     <span class='ocr_line' id='line_1_15' title="bbox 151 2041 1279 2127; baseline 0.002 -21"><span class='ocrx_word' id='word_1_118' title='bbox 151 2044 297 2125; x_wconf 83' lang='lat' dir='ltr'><strong>quemuis</strong></span> <span class='ocrx_word' id='word_1_119' title='bbox 319 2059 374 2125; x_wconf 90' lang='lat' dir='ltr'><strong>per</strong></span> <span class='ocrx_word' id='word_1_120' title='bbox 396 2044 438 2127; x_wconf 89' lang='lat' dir='ltr'><strong>id,</strong></span> <span class='ocrx_word' id='word_1_121' title='bbox 460 2041 543 2124; x_wconf 87' lang='lat' dir='ltr'><strong>quod</strong></span> <span class='ocrx_word' id='word_1_122' title='bbox 565 2041 652 2117; x_wconf 89' lang='lat' dir='ltr'><strong>dicit,</strong></span> <span class='ocrx_word' id='word_1_123' title='bbox 676 2043 799 2109; x_wconf 79' lang='lat' dir='ltr'><strong>diuinos</strong></span> <span class='ocrx_word' id='word_1_124' title='bbox 823 2059 913 2108; x_wconf 82' lang='lat' dir='ltr'><strong>eures</strong></span> <span class='ocrx_word' id='word_1_125' title='bbox 935 2042 970 2107; x_wconf 88' lang='lat' dir='ltr'><strong>in</strong></span> <span class='ocrx_word' id='word_1_126' title='bbox 991 2041 1136 2127; x_wconf 82' lang='lat' dir='ltr'><strong>precibus</strong></span> <span class='ocrx_word' id='word_1_127' title='bbox 1158 2058 1279 2125; x_wconf 85' lang='lat' dir='ltr'><strong>semper</strong></span> 
     </span>
     <span class='ocr_line' id='line_1_16' title="bbox 121 2144 1279 2228; baseline 0 -18"><span class='ocrx_word' id='word_1_128' title='bbox 121 2163 218 2212; x_wconf 75' lang='lat' dir='ltr'><strong>nesse</strong></span> <span class='ocrx_word' id='word_1_129' title='bbox 241 2145 411 2225; x_wconf 83' lang='lat' dir='ltr'><strong>iustorum,</strong></span> <span class='ocrx_word' id='word_1_130' title='bbox 444 2161 506 2210; x_wconf 92' lang='lat' dir='ltr'><strong>non</strong></span> <span class='ocrx_word' id='word_1_131' title='bbox 533 2145 694 2212; x_wconf 75' lang='lat' dir='ltr'><strong>audientia</strong></span> <span class='ocrx_word' id='word_1_132' title='bbox 715 2147 843 2212; x_wconf 83' lang='lat' dir='ltr'><strong>tanturn</strong></span> <span class='ocrx_word' id='word_1_133' title='bbox 866 2144 916 2210; x_wconf 94' lang='lat' dir='ltr'><strong>dei</strong></span> <span class='ocrx_word' id='word_1_134' title='bbox 938 2145 993 2211; x_wconf 93' lang='lat' dir='ltr'><strong>sed</strong></span> <span class='ocrx_word' id='word_1_135' title='bbox 1016 2148 1168 2228; x_wconf 74' lang='lat' dir='ltr'><strong>quaedem</strong></span> <span class='ocrx_word' id='word_1_136' title='bbox 1191 2145 1279 2228; x_wconf 79' lang='lat' dir='ltr'><strong>qussi</strong></span> 
     </span>
     <span class='ocr_line' id='line_1_17' title="bbox 153 2246 1310 2332; baseline -0.001 -19"><span class='ocrx_word' id='word_1_137' title='bbox 153 2247 352 2313; x_wconf 78' lang='lat' dir='ltr'><strong>oboedientis</strong></span> <span class='ocrx_word' id='word_1_138' title='bbox 367 2249 417 2314; x_wconf 91' lang='lat' dir='ltr'><strong>dei</strong></span> <span class='ocrx_word' id='word_1_139' title='bbox 432 2248 623 2332; x_wconf 84' lang='lat' dir='ltr'><strong>designetur.</strong></span> <span class='ocrx_word' id='word_1_140' title='bbox 650 2249 802 2331; x_wconf 88' lang='lat' dir='ltr'><strong>quomodo</strong></span> <span class='ocrx_word' id='word_1_141' title='bbox 817 2247 902 2313; x_wconf 89' lang='lat' dir='ltr'><strong>enirn</strong></span> <span class='ocrx_word' id='word_1_142' title='bbox 915 2246 949 2313; x_wconf 90' lang='lat' dir='ltr'><strong>in</strong></span> <span class='ocrx_word' id='word_1_143' title='bbox 964 2247 1109 2331; x_wconf 89' lang='lat' dir='ltr'><strong>precibus</strong></span> <span class='ocrx_word' id='word_1_144' title='bbox 1124 2247 1310 2314; x_wconf 85' lang='lat' dir='ltr'><strong>instomm4</strong></span> 
     </span>
     <span class='ocr_line' id='line_1_18' title="bbox 152 2351 1280 2435; baseline -0.002 -17"><span class='ocrx_word' id='word_1_145' title='bbox 152 2351 278 2418; x_wconf 83' lang='lat' dir='ltr'><strong>diuinos</strong></span> <span class='ocrx_word' id='word_1_146' title='bbox 301 2370 392 2418; x_wconf 86' lang='lat' dir='ltr'><strong>eures</strong></span> <span class='ocrx_word' id='word_1_147' title='bbox 415 2355 521 2430; x_wconf 73' lang='lat' dir='ltr'><strong>suntt¹</strong></span> <span class='ocrx_word' id='word_1_148' title='bbox 534 2355 697 2434; x_wconf 82' lang='lat' dir='ltr'><strong>quomodo,</strong></span> <span class='ocrx_word' id='word_1_149' title='bbox 720 2352 780 2418; x_wconf 90' lang='lat' dir='ltr'><strong>nisi</strong></span> <span class='ocrx_word' id='word_1_150' title='bbox 795 2353 832 2417; x_wconf 89' lang='lat' dir='ltr'><strong>ut</strong></span> <span class='ocrx_word' id='word_1_151' title='bbox 853 2369 976 2435; x_wconf 89' lang='lat' dir='ltr'><strong>semper</strong></span> <span class='ocrx_word' id='word_1_152' title='bbox 998 2351 1136 2428; x_wconf 83' lang='lat' dir='ltr'><strong>audient,</strong></span> <span class='ocrx_word' id='word_1_153' title='bbox 1159 2351 1221 2416; x_wconf 87' lang='lat' dir='ltr'><strong>nisi</strong></span> <span class='ocrx_word' id='word_1_154' title='bbox 1243 2355 1280 2416; x_wconf 90' lang='lat' dir='ltr'><strong>ut</strong></span> 
     </span>
     <span class='ocr_line' id='line_1_19' title="bbox 151 2454 1280 2538; baseline 0 -18"><span class='ocrx_word' id='word_1_155' title='bbox 151 2473 274 2538; x_wconf 85' lang='lat' dir='ltr'><strong>semper</strong></span> <span class='ocrx_word' id='word_1_156' title='bbox 306 2455 487 2535; x_wconf 83' lang='lat' dir='ltr'><strong>exaudiant,</strong></span> <span class='ocrx_word' id='word_1_157' title='bbox 521 2455 583 2520; x_wconf 89' lang='lat' dir='ltr'><strong>nisi</strong></span> <span class='ocrx_word' id='word_1_158' title='bbox 606 2458 642 2521; x_wconf 87' lang='lat' dir='ltr'><strong>ut</strong></span> <span class='ocrx_word' id='word_1_159' title='bbox 664 2455 808 2538; x_wconf 87' lang='lat' dir='ltr'><strong>prompte</strong></span> <span class='ocrx_word' id='word_1_160' title='bbox 831 2455 937 2521; x_wconf 76' lang='lat' dir='ltr'><strong>audite</strong></span> <span class='ocrx_word' id='word_1_161' title='bbox 967 2454 1125 2534; x_wconf 84' lang='lat' dir='ltr'><strong>tribuunt,</strong></span> <span class='ocrx_word' id='word_1_162' title='bbox 1159 2455 1221 2520; x_wconf 88' lang='lat' dir='ltr'><strong>nisi</strong></span> <span class='ocrx_word' id='word_1_163' title='bbox 1243 2456 1280 2522; x_wconf 92' lang='lat' dir='ltr'><strong>ut</strong></span> 
     </span>
     <span class='ocr_line' id='line_1_20' title="bbox 151 2557 1280 2640; baseline -0.001 -16"><span class='ocrx_word' id='word_1_164' title='bbox 151 2557 224 2624; x_wconf 90' lang='lat' dir='ltr'><strong>ilico</strong></span> <span class='ocrx_word' id='word_1_165' title='bbox 248 2560 395 2626; x_wconf 78' lang='lat' dir='ltr'><strong>exaudite</strong></span> <span class='ocrx_word' id='word_1_166' title='bbox 412 2561 606 2626; x_wconf 75' lang='lat' dir='ltr'><strong>concedenti</strong></span> <span class='ocrx_word' id='word_1_167' title='bbox 628 2575 750 2640; x_wconf 88' lang='lat' dir='ltr'><strong>semper</strong></span> <span class='ocrx_word' id='word_1_168' title='bbox 765 2575 837 2640; x_wconf 81' lang='lat' dir='ltr'><strong>ergo</strong></span> <span class='ocrx_word' id='word_1_169' title='bbox 854 2557 894 2623; x_wconf 81' lang='lat' dir='ltr'><strong>ed</strong></span> <span class='ocrx_word' id='word_1_170' title='bbox 909 2557 1078 2624; x_wconf 82' lang='lat' dir='ltr'><strong>audiendas</strong></span> <span class='ocrx_word' id='word_1_171' title='bbox 1100 2559 1280 2624; x_wconf 76' lang='lat' dir='ltr'><strong>sanctorum</strong></span> 
     </span>
     <span class='ocr_line' id='line_1_21' title="bbox 120 2662 1280 2745; baseline -0.004 -14"><span class='ocrx_word' id='word_1_172' title='bbox 120 2679 258 2745; x_wconf 80' lang='lat' dir='ltr'><strong>npreoes</strong></span> <span class='ocrx_word' id='word_1_173' title='bbox 291 2664 418 2745; x_wconf 77' lang='lat' dir='ltr'><strong>paratae</strong></span> <span class='ocrx_word' id='word_1_174' title='bbox 454 2662 571 2728; x_wconf 89' lang='lat' dir='ltr'><strong>domini</strong></span> <span class='ocrx_word' id='word_1_175' title='bbox 604 2662 704 2728; x_wconf 90' lang='lat' dir='ltr'><strong>nostri</strong></span> <span class='ocrx_word' id='word_1_176' title='bbox 736 2679 837 2744; x_wconf 82' lang='lat' dir='ltr'><strong>aures,</strong></span> <span class='ocrx_word' id='word_1_177' title='bbox 873 2679 995 2743; x_wconf 88' lang='lat' dir='ltr'><strong>semper</strong></span> <span class='ocrx_word' id='word_1_178' title='bbox 1027 2662 1167 2726; x_wconf 81' lang='lat' dir='ltr'><strong>attentus</strong></span> <span class='ocrx_word' id='word_1_179' title='bbox 1195 2664 1280 2728; x_wconf 90' lang='lat' dir='ltr'><strong>sunt.</strong></span> 
     </span>
     <span class='ocr_line' id='line_1_22' title="bbox 151 2765 1279 2850; baseline -0.001 -21"><span class='ocrx_word' id='word_1_180' title='bbox 151 2783 247 2847; x_wconf 85' lang='lat' dir='ltr'><strong>quam</strong></span> <span class='ocrx_word' id='word_1_181' title='bbox 278 2765 362 2830; x_wconf 84' lang='lat' dir='ltr'><strong>beati</strong></span> <span class='ocrx_word' id='word_1_182' title='bbox 396 2783 534 2831; x_wconf 87' lang='lat' dir='ltr'><strong>essemus</strong></span> <span class='ocrx_word' id='word_1_183' title='bbox 568 2783 691 2844; x_wconf 86' lang='lat' dir='ltr'><strong>omnes,</strong></span> <span class='ocrx_word' id='word_1_184' title='bbox 727 2765 756 2830; x_wconf 90' lang='lat' dir='ltr'><strong>si</strong></span> <span class='ocrx_word' id='word_1_185' title='bbox 782 2784 877 2848; x_wconf 86' lang='lat' dir='ltr'><strong>quem</strong></span> <span class='ocrx_word' id='word_1_186' title='bbox 909 2767 1087 2848; x_wconf 80' lang='lat' dir='ltr'><strong>promptam</strong></span> <span class='ocrx_word' id='word_1_187' title='bbox 1121 2783 1196 2850; x_wconf 83' lang='lat' dir='ltr'><strong>erga</strong></span> <span class='ocrx_word' id='word_1_188' title='bbox 1224 2781 1279 2828; x_wconf 91' lang='lat' dir='ltr'><strong>nos</strong></span> 
     </span>
     <span class='ocr_line' id='line_1_23' title="bbox 152 2866 1278 2951; baseline 0 -19"><span class='ocrx_word' id='word_1_189' title='bbox 152 2866 347 2934; x_wconf 79' lang='lat' dir='ltr'><strong>audientiam</strong></span> <span class='ocrx_word' id='word_1_190' title='bbox 370 2871 420 2934; x_wconf 92' lang='lat' dir='ltr'><strong>dei</strong></span> <span class='ocrx_word' id='word_1_191' title='bbox 442 2867 593 2950; x_wconf 84' lang='lat' dir='ltr'><strong>legimus,</strong></span> <span class='ocrx_word' id='word_1_192' title='bbox 628 2868 694 2932; x_wconf 81' lang='lat' dir='ltr'><strong>tum</strong></span> <span class='ocrx_word' id='word_1_193' title='bbox 727 2867 872 2951; x_wconf 88' lang='lat' dir='ltr'><strong>prompte</strong></span> <span class='ocrx_word' id='word_1_194' title='bbox 905 2868 965 2951; x_wconf 88' lang='lat' dir='ltr'><strong>ipsi</strong></span> <span class='ocrx_word' id='word_1_195' title='bbox 999 2868 1092 2933; x_wconf 88' lang='lat' dir='ltr'><strong>deum</strong></span> <span class='ocrx_word' id='word_1_196' title='bbox 1124 2867 1278 2932; x_wconf 89' lang='lat' dir='ltr'><strong>uellemus</strong></span> 
     </span>
     <span class='ocr_line' id='line_1_24' title="bbox 153 2969 1279 3055; baseline -0.001 -19"><span class='ocrx_word' id='word_1_197' title='bbox 153 2971 269 3037; x_wconf 81' lang='lat' dir='ltr'><strong>audire.</strong></span> <span class='ocrx_word' id='word_1_198' title='bbox 293 2972 347 3037; x_wconf 91' lang='lat' dir='ltr'><strong>sed</strong></span> <span class='ocrx_word' id='word_1_199' title='bbox 362 2971 494 3038; x_wconf 87' lang='lat' dir='ltr'><strong>forsiten</strong></span> <span class='ocrx_word' id='word_1_200' title='bbox 509 2969 596 3051; x_wconf 86' lang='lat' dir='ltr'><strong>dicis,</strong></span> <span class='ocrx_word' id='word_1_201' title='bbox 621 2971 679 3037; x_wconf 89' lang='lat' dir='ltr'><strong>hoc</strong></span> <span class='ocrx_word' id='word_1_202' title='bbox 694 2972 776 3054; x_wconf 88' lang='lat' dir='ltr'><strong>quod</strong></span> <span class='ocrx_word' id='word_1_203' title='bbox 791 2971 890 3038; x_wconf 88' lang='lat' dir='ltr'><strong>iustos</strong></span> <span class='ocrx_word' id='word_1_204' title='bbox 907 2972 1046 3055; x_wconf 81' lang='lat' dir='ltr'><strong>aspicere</strong></span> <span class='ocrx_word' id='word_1_205' title='bbox 1061 2970 1136 3036; x_wconf 90' lang='lat' dir='ltr'><strong>deus</strong></span> <span class='ocrx_word' id='word_1_206' title='bbox 1151 2971 1279 3054; x_wconf 80' lang='lat' dir='ltr'><strong>legitur,</strong></span> 
     </span>
     <span class='ocr_line' id='line_1_25' title="bbox 150 3074 1279 3159; baseline 0 -21"><span class='ocrx_word' id='word_1_207' title='bbox 150 3090 264 3155; x_wconf 80' lang='lat' dir='ltr'><strong>purum</strong></span> <span class='ocrx_word' id='word_1_208' title='bbox 296 3074 444 3156; x_wconf 89' lang='lat' dir='ltr'><strong>prodesse</strong></span> <span class='ocrx_word' id='word_1_209' title='bbox 477 3093 602 3154; x_wconf 75' lang='lat' dir='ltr'><strong>causae,</strong></span> <span class='ocrx_word' id='word_1_210' title='bbox 638 3075 712 3158; x_wconf 82' lang='lat' dir='ltr'><strong>quia</strong></span> <span class='ocrx_word' id='word_1_211' title='bbox 744 3093 805 3140; x_wconf 90' lang='lat' dir='ltr'><strong>nou</strong></span> <span class='ocrx_word' id='word_1_212' title='bbox 839 3076 882 3143; x_wconf 88' lang='lat' dir='ltr'><strong>sit</strong></span> <span class='ocrx_word' id='word_1_213' title='bbox 914 3075 1068 3159; x_wconf 77' lang='lat' dir='ltr'><strong>generalis</strong></span> <span class='ocrx_word' id='word_1_214' title='bbox 1102 3074 1279 3140; x_wconf 79' lang='lat' dir='ltr'><strong>diuinitatis</strong></span> 
     </span>
     <span class='ocr_line' id='line_1_26' title="bbox 119 3175 1310 3260; baseline 0 -18"><span class='ocrx_word' id='word_1_215' title='bbox 119 3175 296 3258; x_wconf 72' lang='lat' dir='ltr'><strong>uirtuitus</strong></span> <span class='ocrx_word' id='word_1_216' title='bbox 320 3178 373 3259; x_wconf 91' lang='lat' dir='ltr'><strong>qui</strong></span> <span class='ocrx_word' id='word_1_217' title='bbox 395 3177 486 3243; x_wconf 90' lang='lat' dir='ltr'><strong>iustis</strong></span> <span class='ocrx_word' id='word_1_218' title='bbox 507 3177 633 3241; x_wconf 81' lang='lat' dir='ltr'><strong>tantum</strong></span> <span class='ocrx_word' id='word_1_219' title='bbox 655 3178 784 3259; x_wconf 83' lang='lat' dir='ltr'><strong>speciali</strong></span> <span class='ocrx_word' id='word_1_220' title='bbox 806 3177 1003 3260; x_wconf 76' lang='lat' dir='ltr'><strong>benignitate</strong></span> <span class='ocrx_word' id='word_1_221' title='bbox 1024 3176 1192 3242; x_wconf 85' lang='lat' dir='ltr'><strong>tribuatur.</strong></span> <span class='ocrx_word' id='word_1_222' title='bbox 1216 3177 1310 3242; x_wconf 84' lang='lat' dir='ltr'><strong>iarn5</strong></span> 
     </span>
    </p>
   </div>
   <div class='ocr_carea' id='block_1_3' title="bbox 253 3301 797 3370">
    <p class='ocr_par' dir='ltr' id='par_1_3' title="bbox 253 3301 797 3370">
     <span class='ocr_line' id='line_1_27' title="bbox 253 3301 797 3370; baseline 0.004 -14"><span class='ocrx_word' id='word_1_223' title='bbox 253 3302 270 3356; x_wconf 91' lang='lat'><strong>3</strong></span> <span class='ocrx_word' id='word_1_224' title='bbox 288 3301 360 3357; x_wconf 79' lang='lat' dir='ltr'><strong>Psel.</strong></span> <span class='ocrx_word' id='word_1_225' title='bbox 378 3301 421 3369; x_wconf 82' lang='lat'><strong>32,</strong></span> <span class='ocrx_word' id='word_1_226' title='bbox 441 3302 475 3356; x_wconf 92' lang='grc'><strong>18</strong></span> <span class='ocrx_word' id='word_1_227' title='bbox 577 3302 595 3356; x_wconf 88' lang='grc'>8</span> <span class='ocrx_word' id='word_1_228' title='bbox 613 3302 684 3357; x_wconf 85' lang='lat' dir='ltr'><strong>Psul.</strong></span> <span class='ocrx_word' id='word_1_229' title='bbox 701 3303 744 3370; x_wconf 81' lang='lat'><strong>33,</strong></span> <span class='ocrx_word' id='word_1_230' title='bbox 764 3305 797 3358; x_wconf 87' lang='grc'><strong>16</strong></span> 
     </span>
    </p>
   </div>
   <div class='ocr_carea' id='block_1_4' title="bbox 147 3413 1280 4519">
    <p class='ocr_par' dir='ltr' id='par_1_4' title="bbox 147 3413 1280 4519">
     <span class='ocr_line' id='line_1_28' title="bbox 202 3413 1280 3485; baseline 0.002 -19"><span class='ocrx_word' id='word_1_231' title='bbox 202 3413 219 3466; x_wconf 83' lang='lat'>2</span> <span class='ocrx_word' id='word_1_232' title='bbox 243 3413 308 3469; x_wconf 80' lang='lat' dir='ltr'><strong>sudi</strong></span> <span class='ocrx_word' id='word_1_233' title='bbox 331 3417 402 3485; x_wconf 90' lang='lat' dir='ltr'><strong>quod</strong></span> <span class='ocrx_word' id='word_1_234' title='bbox 425 3414 451 3468; x_wconf 89' lang='grc' dir='ltr'><strong><em>Β</em></strong></span> <span class='ocrx_word' id='word_1_235' title='bbox 475 3416 541 3483; x_wconf 81' lang='lat' dir='ltr'><strong>(pro</strong></span> <span class='ocrx_word' id='word_1_236' title='bbox 563 3413 627 3469; x_wconf 79' lang='lat' dir='ltr'><strong>sudi</strong></span> <span class='ocrx_word' id='word_1_237' title='bbox 645 3414 711 3483; x_wconf 89' lang='lat' dir='ltr'><strong>quid</strong></span> <span class='ocrx_word' id='word_1_238' title='bbox 728 3416 861 3470; x_wconf 77' lang='lat' dir='ltr'><strong>librarius</strong></span> <span class='ocrx_word' id='word_1_239' title='bbox 877 3415 990 3484; x_wconf 76' lang='lat' dir='ltr'><strong>scripsit</strong></span> <span class='ocrx_word' id='word_1_240' title='bbox 1007 3415 1133 3470; x_wconf 71' lang='lat' dir='ltr'><strong>nesciens</strong></span> <span class='ocrx_word' id='word_1_241' title='bbox 1152 3415 1229 3470; x_wconf 79' lang='lat' dir='ltr'><strong>Solu.</strong></span> <span class='ocrx_word' id='word_1_242' title='bbox 1247 3414 1280 3468; x_wconf 78' lang='lat' dir='ltr'><strong>io</strong></span> 
     </span>
     <span class='ocr_line' id='line_1_29' title="bbox 150 3497 1278 3570; baseline -0.004 -16"><span class='ocrx_word' id='word_1_243' title='bbox 150 3500 366 3570; x_wconf 74' lang='lat' dir='ltr'><strong>tcmcpouoce</strong></span> <span class='ocrx_word' id='word_1_244' title='bbox 382 3500 520 3556; x_wconf 71' lang='lat' dir='ltr'><strong>indimota</strong></span> <span class='ocrx_word' id='word_1_245' title='bbox 534 3497 598 3570; x_wconf 73' lang='lat' dir='ltr'><strong>ptos</strong></span> <span class='ocrx_word' id='word_1_246' title='bbox 615 3499 694 3555; x_wconf 72' lang='lat' dir='ltr'><strong>cenred</strong></span> <span class='ocrx_word' id='word_1_247' title='bbox 710 3501 864 3556; x_wconf 60' lang='lat' dir='ltr'><strong>mmmdcc</strong></span> <span class='ocrx_word' id='word_1_248' title='bbox 881 3501 934 3566; x_wconf 73' lang='lat' dir='ltr'><strong>eto</strong></span> <span class='ocrx_word' id='word_1_249' title='bbox 1034 3502 1050 3556; x_wconf 74' lang='grc' dir='ltr'><strong><em>Ἰ</em></strong></span> <span class='ocrx_word' id='word_1_250' title='bbox 1068 3498 1278 3554; x_wconf 78' lang='lat' dir='ltr'><strong>mnuersetionis</strong></span> 
     </span>
     <span class='ocr_line' id='line_1_30' title="bbox 151 3585 1280 3652; baseline 0 -12"><span class='ocrx_word' id='word_1_251' title='bbox 151 3586 310 3642; x_wconf 73' lang='lat' dir='ltr'><strong>Hoetete&#39;uez</strong></span> <span class='ocrx_word' id='word_1_252' title='bbox 337 3585 547 3642; x_wconf 77' lang='lat' dir='ltr'><strong>concertationis</strong></span> <span class='ocrx_word' id='word_1_253' title='bbox 566 3587 622 3640; x_wconf 83' lang='lat' dir='ltr'><strong>AB</strong></span> <span class='ocrx_word' id='word_1_254' title='bbox 638 3585 782 3652; x_wconf 57' lang='lat' dir='ltr'><strong>Halmium</strong></span> <span class='ocrx_word' id='word_1_255' title='bbox 809 3601 889 3642; x_wconf 78' lang='lat' dir='ltr'><strong>error</strong></span> <span class='ocrx_word' id='word_1_256' title='bbox 906 3593 983 3641; x_wconf 77' lang='lat' dir='ltr'><strong>ortus</strong></span> <span class='ocrx_word' id='word_1_257' title='bbox 1000 3593 1040 3641; x_wconf 85' lang='lat' dir='ltr'><strong>eet</strong></span> <span class='ocrx_word' id='word_1_258' title='bbox 1057 3601 1092 3641; x_wconf 82' lang='lat' dir='ltr'><strong>ec</strong></span> <span class='ocrx_word' id='word_1_259' title='bbox 1108 3585 1280 3642; x_wconf 73' lang='lat' dir='ltr'><strong>antecedenti</strong></span> 
     </span>
     <span class='ocr_line' id='line_1_31' title="bbox 151 3671 1279 3738; baseline -0.002 -11"><span class='ocrx_word' id='word_1_260' title='bbox 151 3677 301 3736; x_wconf 71' lang='lat' dir='ltr'><strong>conseruetr</strong></span> <span class='ocrx_word' id='word_1_261' title='bbox 314 3678 434 3728; x_wconf 79' lang='lat' dir='ltr'><strong>ceterum</strong></span> <span class='ocrx_word' id='word_1_262' title='bbox 444 3673 480 3727; x_wconf 85' lang='lat' dir='ltr'><strong>dc</strong></span> <span class='ocrx_word' id='word_1_263' title='bbox 490 3689 559 3728; x_wconf 75' lang='lat' dir='ltr'><strong>uoce</strong></span> <span class='ocrx_word' id='word_1_264' title='bbox 568 3675 849 3738; x_wconf 59' lang='lat' dir='ltr'><strong>conseruato-:uite</strong></span> <span class='ocrx_word' id='word_1_265' title='bbox 860 3687 948 3728; x_wconf 86' lang='lat' dir='ltr'><strong>mores</strong></span> <span class='ocrx_word' id='word_1_266' title='bbox 956 3672 1016 3729; x_wconf 80' lang='lat' dir='ltr'><strong>reid.</strong></span> <span class='ocrx_word' id='word_1_267' title='bbox 1024 3673 1142 3729; x_wconf 65' lang='lat' dir='ltr'><strong>dedicerit</strong></span> <span class='ocrx_word' id='word_1_268' title='bbox 1209 3671 1279 3726; x_wconf 77' lang='lat' dir='ltr'><strong>ddi·</strong></span> 
     </span>
     <span class='ocr_line' id='line_1_32' title="bbox 150 3757 1279 3830; baseline 0 -18"><span class='ocrx_word' id='word_1_269' title='bbox 150 3759 232 3813; x_wconf 83' lang='lat' dir='ltr'><strong>ninus</strong></span> <span class='ocrx_word' id='word_1_270' title='bbox 250 3759 363 3828; x_wconf 84' lang='lat' dir='ltr'><strong>spiritus</strong></span> <span class='ocrx_word' id='word_1_271' title='bbox 381 3761 489 3815; x_wconf 64' lang='lat' dir='ltr'><strong>ednotus</strong></span> <span class='ocrx_word' id='word_1_272' title='bbox 506 3759 535 3814; x_wconf 90' lang='grc' dir='ltr'><strong>Β</strong></span> <span class='ocrx_word' id='word_1_273' title='bbox 633 3761 650 3814; x_wconf 88' lang='grc'><strong>9</strong></span> <span class='ocrx_word' id='word_1_274' title='bbox 668 3761 792 3829; x_wconf 84' lang='lat' dir='ltr'><strong>improces</strong></span> <span class='ocrx_word' id='word_1_275' title='bbox 808 3766 840 3815; x_wconf 82' lang='lat' dir='ltr'><strong>eet</strong></span> <span class='ocrx_word' id='word_1_276' title='bbox 847 3759 937 3830; x_wconf 74' lang='lat' dir='ltr'><strong>partio</strong></span> <span class='ocrx_word' id='word_1_277' title='bbox 944 3766 1008 3829; x_wconf 78' lang='lat' dir='ltr'><strong>post</strong></span> <span class='ocrx_word' id='word_1_278' title='bbox 1020 3766 1062 3815; x_wconf 83' lang='lat' dir='ltr'><strong>ter</strong></span> <span class='ocrx_word' id='word_1_279' title='bbox 1079 3757 1237 3830; x_wconf 81' lang='lat' dir='ltr'><strong>imprecibus</strong></span> <span class='ocrx_word' id='word_1_280' title='bbox 1251 3758 1279 3812; x_wconf 78' lang='lat' dir='ltr'><em>A</em></span> 
     </span>
     <span class='ocr_line' id='line_1_33' title="bbox 151 3842 1278 3917; baseline -0.001 -18"><span class='ocrx_word' id='word_1_281' title='bbox 151 3859 230 3914; x_wconf 78' lang='lat' dir='ltr'><strong>qoem</strong></span> <span class='ocrx_word' id='word_1_282' title='bbox 242 3861 361 3902; x_wconf 75' lang='lat' dir='ltr'><strong>errorem</strong></span> <span class='ocrx_word' id='word_1_283' title='bbox 371 3848 403 3901; x_wconf 61' lang='grc' dir='ltr'><strong>ἐκ</strong></span> <span class='ocrx_word' id='word_1_284' title='bbox 413 3847 462 3902; x_wconf 84' lang='lat' dir='ltr'><strong>tec</strong></span> <span class='ocrx_word' id='word_1_285' title='bbox 479 3847 537 3901; x_wconf 87' lang='lat' dir='ltr'><strong>eod.</strong></span> <span class='ocrx_word' id='word_1_286' title='bbox 556 3847 627 3902; x_wconf 76' lang='lat' dir='ltr'><strong>utico</strong></span> <span class='ocrx_word' id='word_1_287' title='bbox 643 3861 749 3917; x_wconf 73' lang='lat' dir='ltr'><strong>quoquc</strong></span> <span class='ocrx_word' id='word_1_288' title='bbox 765 3853 906 3902; x_wconf 69' lang='lat' dir='ltr'><strong>coconem</strong></span> <span class='ocrx_word' id='word_1_289' title='bbox 922 3849 1076 3903; x_wconf 77' lang='lat' dir='ltr'><strong>monuimus</strong></span> <span class='ocrx_word' id='word_1_290' title='bbox 1088 3847 1121 3902; x_wconf 73' lang='lat' dir='ltr'><strong>s·</strong></span> <span class='ocrx_word' id='word_1_291' title='bbox 1133 3842 1278 3902; x_wconf 47' lang='lat' dir='ltr'><strong>seusun.</strong></span> 
     </span>
     <span class='ocr_line' id='line_1_34' title="bbox 147 3932 1278 4002; baseline 0 -16"><span class='ocrx_word' id='word_1_292' title='bbox 147 3947 178 4000; x_wconf 77' lang='lat' dir='ltr'><strong>p.</strong></span> <span class='ocrx_word' id='word_1_293' title='bbox 191 3936 208 3986; x_wconf 89' lang='lat'><strong>6</strong></span> <span class='ocrx_word' id='word_1_294' title='bbox 221 3932 317 3987; x_wconf 73' lang='lat' dir='ltr'><strong>odunt</strong></span> <span class='ocrx_word' id='word_1_295' title='bbox 409 3933 442 3986; x_wconf 92' lang='grc'><strong>11</strong></span> <span class='ocrx_word' id='word_1_296' title='bbox 454 3932 771 4002; x_wconf 87' lang='lat' dir='ltr'><strong>siquidem-ostenditur</strong></span> <span class='ocrx_word' id='word_1_297' title='bbox 782 3933 811 3987; x_wconf 92' lang='lat' dir='ltr'><strong>in</strong></span> <span class='ocrx_word' id='word_1_298' title='bbox 823 3933 873 3988; x_wconf 80' lang='lat' dir='ltr'><strong>hoc</strong></span> <span class='ocrx_word' id='word_1_299' title='bbox 885 3950 934 3988; x_wconf 80' lang='lat' dir='ltr'><strong>om.</strong></span> <span class='ocrx_word' id='word_1_300' title='bbox 947 3933 976 3987; x_wconf 90' lang='grc' dir='ltr'><strong>Β</strong></span> <span class='ocrx_word' id='word_1_301' title='bbox 980 3954 989 4000; x_wconf 88' lang='grc'><strong>,·</strong></span> <span class='ocrx_word' id='word_1_302' title='bbox 1007 3934 1093 3988; x_wconf 81' lang='lat' dir='ltr'><strong>scorto</strong></span> <span class='ocrx_word' id='word_1_303' title='bbox 1104 3934 1204 3988; x_wconf 76' lang='lat' dir='ltr'><strong>omisso</strong></span> <span class='ocrx_word' id='word_1_304' title='bbox 1214 3943 1278 3999; x_wconf 75' lang='lat' dir='ltr'><strong>ooop-</strong></span> 
     </span>
     <span class='ocr_line' id='line_1_35' title="bbox 151 4018 1278 4090; baseline 0.002 -19"><span class='ocrx_word' id='word_1_305' title='bbox 151 4018 226 4086; x_wconf 80' lang='lat' dir='ltr'><strong>ptctc</strong></span> <span class='ocrx_word' id='word_1_306' title='bbox 236 4025 304 4073; x_wconf 78' lang='lat' dir='ltr'><strong>eemt</strong></span> <span class='ocrx_word' id='word_1_307' title='bbox 315 4019 346 4073; x_wconf 84' lang='lat' dir='ltr'><strong>c&#39;es</strong></span> <span class='ocrx_word' id='word_1_308' title='bbox 357 4018 484 4074; x_wconf 66' lang='lat' dir='ltr'><strong>edredum</strong></span> <span class='ocrx_word' id='word_1_309' title='bbox 495 4020 604 4074; x_wconf 72' lang='lat' dir='ltr'><strong>adiecto</strong></span> <span class='ocrx_word' id='word_1_310' title='bbox 681 4023 747 4074; x_wconf 76' lang='lat' dir='ltr'><strong>octe</strong></span> <span class='ocrx_word' id='word_1_311' title='bbox 758 4035 835 4090; x_wconf 89' lang='lat' dir='ltr'><strong>super</strong></span> <span class='ocrx_word' id='word_1_312' title='bbox 846 4020 912 4087; x_wconf 68' lang='lat' dir='ltr'><strong>fort.</strong></span> <span class='ocrx_word' id='word_1_313' title='bbox 925 4019 1028 4075; x_wconf 72' lang='lat' dir='ltr'><strong>eocidd</strong></span> <span class='ocrx_word' id='word_1_314' title='bbox 1039 4033 1140 4088; x_wconf 82' lang='lat' dir='ltr'><strong>sempor</strong></span> <span class='ocrx_word' id='word_1_315' title='bbox 1150 4024 1183 4073; x_wconf 81' lang='lat' dir='ltr'><strong>eet</strong></span> <span class='ocrx_word' id='word_1_316' title='bbox 1190 4019 1278 4086; x_wconf 73' lang='lat' dir='ltr'><strong>paeto</strong></span> 
     </span>
     <span class='ocr_line' id='line_1_36' title="bbox 148 4105 1278 4174; baseline -0.002 -15"><span class='ocrx_word' id='word_1_317' title='bbox 148 4110 215 4171; x_wconf 73' lang='lat' dir='ltr'><strong>poet,</strong></span> <span class='ocrx_word' id='word_1_318' title='bbox 223 4108 333 4173; x_wconf 84' lang='lat' dir='ltr'><strong>paretes</strong></span> <span class='ocrx_word' id='word_1_319' title='bbox 345 4119 447 4174; x_wconf 89' lang='lat' dir='ltr'><strong>semper</strong></span> <span class='ocrx_word' id='word_1_320' title='bbox 538 4105 570 4160; x_wconf 87' lang='lat'><strong>14</strong></span> <span class='ocrx_word' id='word_1_321' title='bbox 581 4119 629 4174; x_wconf 87' lang='lat' dir='ltr'><strong>per</strong></span> <span class='ocrx_word' id='word_1_322' title='bbox 640 4121 689 4160; x_wconf 83' lang='lat' dir='ltr'><strong>om.</strong></span> <span class='ocrx_word' id='word_1_323' title='bbox 703 4105 731 4160; x_wconf 93' lang='grc' dir='ltr'><strong>Β</strong></span> <span class='ocrx_word' id='word_1_324' title='bbox 819 4107 851 4160; x_wconf 85' lang='grc'><strong>16</strong></span> <span class='ocrx_word' id='word_1_325' title='bbox 864 4105 907 4160; x_wconf 90' lang='lat' dir='ltr'><strong>dei</strong></span> <span class='ocrx_word' id='word_1_326' title='bbox 919 4119 968 4160; x_wconf 80' lang='lat' dir='ltr'><strong>cere.</strong></span> <span class='ocrx_word' id='word_1_327' title='bbox 981 4106 1009 4160; x_wconf 94' lang='grc' dir='ltr'><strong>Β</strong></span> <span class='ocrx_word' id='word_1_328' title='bbox 1096 4105 1127 4159; x_wconf 88' lang='grc'><strong>18</strong></span> <span class='ocrx_word' id='word_1_329' title='bbox 1139 4107 1278 4174; x_wconf 70' lang='lat' dir='ltr'><strong>promptae</strong></span> 
     </span>
     <span class='ocr_line' id='line_1_37' title="bbox 152 4190 1280 4263; baseline 0.001 -18"><span class='ocrx_word' id='word_1_330' title='bbox 152 4193 179 4244; x_wconf 83' lang='lat' dir='ltr'><strong><em>A</em></strong></span> <span class='ocrx_word' id='word_1_331' title='bbox 196 4192 282 4260; x_wconf 81' lang='lat' dir='ltr'><strong>(puod</strong></span> <span class='ocrx_word' id='word_1_332' title='bbox 294 4205 348 4261; x_wconf 82' lang='lat' dir='ltr'><strong>per</strong></span> <span class='ocrx_word' id='word_1_333' title='bbox 360 4205 388 4246; x_wconf 82' lang='lat' dir='ltr'><strong>ee</strong></span> <span class='ocrx_word' id='word_1_334' title='bbox 403 4190 476 4257; x_wconf 72' lang='lat' dir='ltr'><strong>ferri</strong></span> <span class='ocrx_word' id='word_1_335' title='bbox 488 4191 583 4259; x_wconf 74' lang='lat' dir='ltr'><strong>ponto,</strong></span> <span class='ocrx_word' id='word_1_336' title='bbox 601 4191 648 4246; x_wconf 80' lang='lat' dir='ltr'><strong>sed</strong></span> <span class='ocrx_word' id='word_1_337' title='bbox 665 4191 729 4246; x_wconf 88' lang='lat' dir='ltr'><strong>iiico</strong></span> <span class='ocrx_word' id='word_1_338' title='bbox 746 4191 819 4262; x_wconf 78' lang='lat' dir='ltr'><strong>quod</strong></span> <span class='ocrx_word' id='word_1_339' title='bbox 835 4193 960 4263; x_wconf 72' lang='lat' dir='ltr'><strong>sequitur</strong></span> <span class='ocrx_word' id='word_1_340' title='bbox 976 4193 1038 4248; x_wconf 74' lang='lat' dir='ltr'><strong>ucri</strong></span> <span class='ocrx_word' id='word_1_341' title='bbox 1054 4191 1171 4246; x_wconf 65' lang='lat' dir='ltr'><strong>cnutus</strong></span> <span class='ocrx_word' id='word_1_342' title='bbox 1189 4190 1280 4246; x_wconf 75' lang='lat' dir='ltr'><strong>reddit</strong></span> 
     </span>
     <span class='ocr_line' id='line_1_38' title="bbox 154 4276 1279 4347; baseline 0.004 -19"><span class='ocrx_word' id='word_1_343' title='bbox 154 4289 182 4328; x_wconf 85' lang='lat' dir='ltr'><strong>ee</strong></span> <span class='ocrx_word' id='word_1_344' title='bbox 199 4291 292 4332; x_wconf 76' lang='lat' dir='ltr'><strong>errore</strong></span> <span class='ocrx_word' id='word_1_345' title='bbox 308 4278 341 4330; x_wconf 77' lang='lat' dir='ltr'><strong>tre</strong></span> <span class='ocrx_word' id='word_1_346' title='bbox 358 4276 498 4332; x_wconf 73' lang='lat' dir='ltr'><strong>aduertite</strong></span> <span class='ocrx_word' id='word_1_347' title='bbox 512 4278 544 4330; x_wconf 76' lang='lat' dir='ltr'><strong>tn</strong></span> <span class='ocrx_word' id='word_1_348' title='bbox 555 4278 584 4330; x_wconf 79' lang='lat' dir='ltr'><strong><em>A</em></strong></span> <span class='ocrx_word' id='word_1_349' title='bbox 598 4278 711 4346; x_wconf 71' lang='lat' dir='ltr'><strong>coeptus</strong></span> <span class='ocrx_word' id='word_1_350' title='bbox 722 4278 802 4333; x_wconf 80' lang='lat' dir='ltr'><strong>obuio</strong></span> <span class='ocrx_word' id='word_1_351' title='bbox 813 4279 946 4347; x_wconf 73' lang='lat' dir='ltr'><strong>scriptum</strong></span> <span class='ocrx_word' id='word_1_352' title='bbox 958 4291 1014 4332; x_wconf 83' lang='lat' dir='ltr'><strong>eece</strong></span> <span class='ocrx_word' id='word_1_353' title='bbox 1027 4291 1080 4344; x_wconf 81' lang='lat' dir='ltr'><strong>pro</strong></span> <span class='ocrx_word' id='word_1_354' title='bbox 1097 4291 1125 4340; x_wconf 73' lang='grc' dir='ltr'><strong>ος</strong></span> <span class='ocrx_word' id='word_1_355' title='bbox 1142 4277 1194 4344; x_wconf 64' lang='lat' dir='ltr'><strong>ott.</strong></span> <span class='ocrx_word' id='word_1_356' title='bbox 1212 4277 1279 4332; x_wconf 76' lang='lat' dir='ltr'><strong>odo.</strong></span> 
     </span>
     <span class='ocr_line' id='line_1_39' title="bbox 154 4361 1211 4431; baseline 0.001 -16"><span class='ocrx_word' id='word_1_357' title='bbox 154 4361 190 4415; x_wconf 89' lang='lat' dir='ltr'><strong>od</strong></span> <span class='ocrx_word' id='word_1_358' title='bbox 207 4363 225 4416; x_wconf 91' lang='lat'><strong><em>1</em></strong></span> <span class='ocrx_word' id='word_1_359' title='bbox 242 4367 286 4428; x_wconf 81' lang='lat'><strong>57)</strong></span> <span class='ocrx_word' id='word_1_360' title='bbox 305 4364 425 4431; x_wconf 81' lang='lat' dir='ltr'><strong>promise</strong></span> <span class='ocrx_word' id='word_1_361' title='bbox 442 4363 470 4417; x_wconf 94' lang='grc' dir='ltr'><strong>Β</strong></span> <span class='ocrx_word' id='word_1_362' title='bbox 574 4361 608 4417; x_wconf 85' lang='grc'><strong>19</strong></span> <span class='ocrx_word' id='word_1_363' title='bbox 625 4362 659 4416; x_wconf 81' lang='lat' dir='ltr'><strong>sd</strong></span> <span class='ocrx_word' id='word_1_364' title='bbox 676 4378 727 4421; x_wconf 79' lang='lat' dir='ltr'><strong>oon.</strong></span> <span class='ocrx_word' id='word_1_365' title='bbox 744 4364 772 4418; x_wconf 87' lang='lat' dir='ltr'><strong><em>A</em></strong></span> <span class='ocrx_word' id='word_1_366' title='bbox 873 4363 907 4418; x_wconf 73' lang='lat'><strong>22</strong></span> <span class='ocrx_word' id='word_1_367' title='bbox 924 4363 1018 4417; x_wconf 78' lang='lat' dir='ltr'><strong>andire</strong></span> <span class='ocrx_word' id='word_1_368' title='bbox 1034 4361 1164 4416; x_wconf 84' lang='lat' dir='ltr'><strong>nollemus</strong></span> <span class='ocrx_word' id='word_1_369' title='bbox 1183 4361 1211 4417; x_wconf 92' lang='grc' dir='ltr'><strong>Β</strong></span> 
     </span>
     <span class='ocr_line' id='line_1_40' title="bbox 155 4447 672 4519; baseline 0.008 -19"><span class='ocrx_word' id='word_1_370' title='bbox 155 4447 187 4501; x_wconf 82' lang='lat'><strong>23</strong></span> <span class='ocrx_word' id='word_1_371' title='bbox 204 4450 319 4518; x_wconf 82' lang='lat' dir='ltr'><strong>aspicere</strong></span> <span class='ocrx_word' id='word_1_372' title='bbox 338 4449 402 4505; x_wconf 87' lang='lat' dir='ltr'><strong>deus</strong></span> <span class='ocrx_word' id='word_1_373' title='bbox 420 4450 523 4519; x_wconf 82' lang='lat' dir='ltr'><strong>legitur</strong></span> <span class='ocrx_word' id='word_1_374' title='bbox 539 4449 626 4504; x_wconf 90' lang='lat' dir='ltr'><strong>iustos</strong></span> <span class='ocrx_word' id='word_1_375' title='bbox 645 4449 672 4504; x_wconf 90' lang='grc' dir='ltr'><strong>Β</strong></span> 
     </span>
    </p>
   </div>
   <div class='ocr_carea' id='block_1_5' title="bbox 0 0 1572 5098">
    <p class='ocr_par' dir='ltr' id='par_1_5' title="bbox 0 0 1572 5098">
     <span class='ocr_line' id='line_1_41' title="bbox 0 0 1572 5098; baseline 0 0"><span class='ocrx_word' id='word_1_376' title='bbox 0 0 1572 5098; x_wconf 95' lang='lat' dir='ltr'><strong> </strong></span> 
     </span>
    </p>
   </div>
  </div>
 </body>
</html>
