<?xml version="1.0" encoding="UTF-8"?>
<!DOCTYPE html PUBLIC "-//W3C//DTD XHTML 1.0 Transitional//EN"
    "http://www.w3.org/TR/xhtml1/DTD/xhtml1-transitional.dtd">
<html xmlns="http://www.w3.org/1999/xhtml" xml:lang="en" lang="en">
 <head>
  <title>
</title>
<meta http-equiv="Content-Type" content="text/html;charset=utf-8" />
  <meta name='ocr-system' content='tesseract 3.04.00' />
  <meta name='ocr-capabilities' content='ocr_page ocr_carea ocr_par ocr_line ocrx_word'/>
</head>
<body>
  <div class='ocr_page' id='page_1' title='image "./corpusscriptoru07wissgoog_0294.png"; bbox 0 0 3172 5098; ppageno 0'>
   <div class='ocr_carea' id='block_1_1' title="bbox 541 460 1327 528">
    <p class='ocr_par' dir='ltr' id='par_1_1' title="bbox 541 460 1327 528">
     <span class='ocr_line' id='line_1_1' title="bbox 541 460 1327 528; baseline 0.006 -13"><span class='ocrx_word' id='word_1_1' title='bbox 541 461 579 515; x_wconf 89' lang='lat' dir='ltr'><strong>ad</strong></span> <span class='ocrx_word' id='word_1_2' title='bbox 597 461 772 516; x_wconf 87' lang='lat' dir='ltr'><strong>ecclesiam</strong></span> <span class='ocrx_word' id='word_1_3' title='bbox 796 461 841 516; x_wconf 94' lang='lat' dir='ltr'><strong>III</strong></span> <span class='ocrx_word' id='word_1_4' title='bbox 860 465 875 526; x_wconf 63' lang='grc' dir='ltr'><strong>ξ</strong></span> <span class='ocrx_word' id='word_1_5' title='bbox 893 460 987 515; x_wconf 86' lang='lat'>3-10.</span> <span class='ocrx_word' id='word_1_6' title='bbox 1265 462 1327 528; x_wconf 78' lang='grc'><strong>271</strong></span> 
     </span>
    </p>
   </div>
   <div class='ocr_carea' id='block_1_2' title="bbox 164 650 1382 2493">
    <p class='ocr_par' dir='ltr' id='par_1_2' title="bbox 164 650 1382 2493">
     <span class='ocr_line' id='line_1_2' title="bbox 199 650 1380 737; baseline 0 -19"><span class='ocrx_word' id='word_1_7' title='bbox 199 655 280 737; x_wconf 93' lang='lat' dir='ltr'><strong>quod</strong></span> <span class='ocrx_word' id='word_1_8' title='bbox 312 652 444 718; x_wconf 87' lang='lat' dir='ltr'><strong>diuitem</strong></span> <span class='ocrx_word' id='word_1_9' title='bbox 473 650 602 735; x_wconf 87' lang='lat' dir='ltr'><strong>reliquit</strong></span> <span class='ocrx_word' id='word_1_10' title='bbox 630 651 783 716; x_wconf 86' lang='lat' dir='ltr'><strong>herodem.</strong></span> <span class='ocrx_word' id='word_1_11' title='bbox 819 651 873 716; x_wconf 89' lang='lat' dir='ltr'><strong>sed</strong></span> <span class='ocrx_word' id='word_1_12' title='bbox 902 654 968 715; x_wconf 92' lang='lat' dir='ltr'><strong>esto</strong></span> <span class='ocrx_word' id='word_1_13' title='bbox 997 651 1116 734; x_wconf 82' lang='lat' dir='ltr'>ignosci</span> <span class='ocrx_word' id='word_1_14' title='bbox 1145 651 1328 733; x_wconf 86' lang='lat' dir='ltr'><strong>parentibus</strong></span> <span class='ocrx_word' id='word_1_15' title='bbox 1362 653 1380 718; x_wconf 80' lang='lat'><strong>7</strong></span> 
     </span>
     <span class='ocr_line' id='line_1_3' title="bbox 198 754 1330 842; baseline -0.001 -21"><span class='ocrx_word' id='word_1_16' title='bbox 198 757 307 842; x_wconf 90' lang='lat' dir='ltr'><strong>possit,</strong></span> <span class='ocrx_word' id='word_1_17' title='bbox 342 755 369 822; x_wconf 91' lang='lat' dir='ltr'><strong>si</strong></span> <span class='ocrx_word' id='word_1_18' title='bbox 393 761 539 839; x_wconf 85' lang='lat' dir='ltr'><strong>exparte</strong></span> <span class='ocrx_word' id='word_1_19' title='bbox 572 757 681 839; x_wconf 87' lang='lat' dir='ltr'><strong>aliqua</strong></span> <span class='ocrx_word' id='word_1_20' title='bbox 712 755 918 820; x_wconf 88' lang='lat' dir='ltr'><strong>hereditarios</strong></span> <span class='ocrx_word' id='word_1_21' title='bbox 948 754 1115 822; x_wconf 73' lang='lat' dir='ltr'><strong>facultates</strong></span> <span class='ocrx_word' id='word_1_22' title='bbox 1143 755 1219 822; x_wconf 90' lang='lat' dir='ltr'><strong>filiis</strong></span> <span class='ocrx_word' id='word_1_23' title='bbox 1243 756 1330 820; x_wconf 88' lang='lat' dir='ltr'><strong>dere·</strong></span> 
     </span>
     <span class='ocr_line' id='line_1_4' title="bbox 200 858 1330 945; baseline 0 -21"><span class='ocrx_word' id='word_1_24' title='bbox 200 860 353 945; x_wconf 72' lang='lat' dir='ltr'><strong>linquant,</strong></span> <span class='ocrx_word' id='word_1_25' title='bbox 377 863 404 926; x_wconf 91' lang='lat' dir='ltr'><strong>si</strong></span> <span class='ocrx_word' id='word_1_26' title='bbox 426 861 532 926; x_wconf 71' lang='lat' dir='ltr'><strong>minen</strong></span> <span class='ocrx_word' id='word_1_27' title='bbox 553 860 587 924; x_wconf 92' lang='lat' dir='ltr'><strong>id</strong></span> <span class='ocrx_word' id='word_1_28' title='bbox 609 861 712 942; x_wconf 91' lang='lat' dir='ltr'><strong>ipsum</strong></span> <span class='ocrx_word' id='word_1_29' title='bbox 734 858 823 923; x_wconf 91' lang='lat' dir='ltr'><strong>bonis</strong></span> <span class='ocrx_word' id='word_1_30' title='bbox 838 859 865 922; x_wconf 92' lang='lat' dir='ltr'><strong>si</strong></span> <span class='ocrx_word' id='word_1_31' title='bbox 887 862 996 924; x_wconf 90' lang='lat' dir='ltr'><strong>tamen</strong></span> <span class='ocrx_word' id='word_1_32' title='bbox 1012 859 1144 924; x_wconf 88' lang='lat' dir='ltr'><strong>sanctis:</strong></span> <span class='ocrx_word' id='word_1_33' title='bbox 1169 860 1236 923; x_wconf 90' lang='lat' dir='ltr'><strong>esto</strong></span> <span class='ocrx_word' id='word_1_34' title='bbox 1253 878 1330 942; x_wconf 91' lang='lat' dir='ltr'><strong>qno·</strong></span> 
     </span>
     <span class='ocr_line' id='line_1_5' title="bbox 200 962 1330 1048; baseline 0.002 -22"><span class='ocrx_word' id='word_1_35' title='bbox 200 983 258 1046; x_wconf 92' lang='lat' dir='ltr'><strong>qne</strong></span> <span class='ocrx_word' id='word_1_36' title='bbox 292 963 411 1048; x_wconf 84' lang='lat' dir='ltr'><strong>ignosci</strong></span> <span class='ocrx_word' id='word_1_37' title='bbox 445 963 568 1048; x_wconf 72' lang='lat' dir='ltr'><strong>possit,</strong></span> <span class='ocrx_word' id='word_1_38' title='bbox 590 964 619 1028; x_wconf 91' lang='lat' dir='ltr'><strong>si</strong></span> <span class='ocrx_word' id='word_1_39' title='bbox 647 963 744 1028; x_wconf 89' lang='lat' dir='ltr'><strong>etiam</strong></span> <span class='ocrx_word' id='word_1_40' title='bbox 772 962 865 1027; x_wconf 91' lang='lat' dir='ltr'><strong>malis</strong></span> <span class='ocrx_word' id='word_1_41' title='bbox 894 963 1043 1044; x_wconf 85' lang='lat' dir='ltr'>quiddam</span> <span class='ocrx_word' id='word_1_42' title='bbox 1072 964 1165 1045; x_wconf 86' lang='lat' dir='ltr'><strong>atque</strong></span> <span class='ocrx_word' id='word_1_43' title='bbox 1196 963 1330 1030; x_wconf 91' lang='lat' dir='ltr'><strong>uitiosis.</strong></span> 
     </span>
     <span class='ocr_line' id='line_1_6' title="bbox 177 1065 1330 1150; baseline 0.002 -18"><span class='ocrx_word' id='word_1_44' title='bbox 177 1066 312 1140; x_wconf 84' lang='lat' dir='ltr'><strong>shabere</strong></span> <span class='ocrx_word' id='word_1_45' title='bbox 334 1067 474 1150; x_wconf 88' lang='lat' dir='ltr'><strong>aliquam</strong></span> <span class='ocrx_word' id='word_1_46' title='bbox 497 1065 705 1132; x_wconf 79' lang='lat' dir='ltr'><strong>excusationis</strong></span> <span class='ocrx_word' id='word_1_47' title='bbox 728 1065 863 1148; x_wconf 87' lang='lat' dir='ltr'><strong>speciem</strong></span> <span class='ocrx_word' id='word_1_48' title='bbox 886 1065 1030 1130; x_wconf 90' lang='lat' dir='ltr'><strong>uidentur</strong></span> <span class='ocrx_word' id='word_1_49' title='bbox 1048 1065 1206 1131; x_wconf 88' lang='lat' dir='ltr'><strong>dicentes:</strong></span> <span class='ocrx_word' id='word_1_50' title='bbox 1229 1067 1330 1148; x_wconf 86' lang='lat' dir='ltr'><strong>pietas</strong></span> 
     </span>
     <span class='ocr_line' id='line_1_7' title="bbox 199 1169 1330 1252; baseline -0.001 -16"><span class='ocrx_word' id='word_1_51' title='bbox 199 1171 279 1236; x_wconf 86' lang='lat' dir='ltr'><strong>uicit</strong></span> <span class='ocrx_word' id='word_1_52' title='bbox 300 1171 350 1236; x_wconf 91' lang='lat' dir='ltr'><strong>uis</strong></span> <span class='ocrx_word' id='word_1_53' title='bbox 373 1171 532 1252; x_wconf 89' lang='lat' dir='ltr'><strong>sanguinis</strong></span> <span class='ocrx_word' id='word_1_54' title='bbox 556 1170 696 1251; x_wconf 87' lang='lat' dir='ltr'><strong>conpulit</strong></span> <span class='ocrx_word' id='word_1_55' title='bbox 719 1174 830 1234; x_wconf 90' lang='lat' dir='ltr'><strong>natura</strong></span> <span class='ocrx_word' id='word_1_56' title='bbox 852 1169 921 1251; x_wconf 89' lang='lat' dir='ltr'><strong>ipsa</strong></span> <span class='ocrx_word' id='word_1_57' title='bbox 937 1169 1026 1250; x_wconf 88' lang='lat' dir='ltr'><strong>qussi</strong></span> <span class='ocrx_word' id='word_1_58' title='bbox 1042 1169 1157 1234; x_wconf 88' lang='lat' dir='ltr'><strong>amoris</strong></span> <span class='ocrx_word' id='word_1_59' title='bbox 1179 1188 1274 1235; x_wconf 89' lang='lat' dir='ltr'><strong>manu</strong></span> <span class='ocrx_word' id='word_1_60' title='bbox 1297 1170 1330 1236; x_wconf 94' lang='lat' dir='ltr'><strong>in</strong></span> 
     </span>
     <span class='ocr_line' id='line_1_8' title="bbox 199 1272 1331 1356; baseline -0.001 -17"><span class='ocrx_word' id='word_1_61' title='bbox 199 1275 246 1339; x_wconf 91' lang='lat' dir='ltr'><strong>ius</strong></span> <span class='ocrx_word' id='word_1_62' title='bbox 269 1293 360 1340; x_wconf 91' lang='lat' dir='ltr'><strong>sunm</strong></span> <span class='ocrx_word' id='word_1_63' title='bbox 383 1273 489 1340; x_wconf 88' lang='lat' dir='ltr'><strong>traxit.</strong></span> <span class='ocrx_word' id='word_1_64' title='bbox 523 1275 674 1340; x_wconf 79' lang='lat' dir='ltr'><strong>soluimus</strong></span> <span class='ocrx_word' id='word_1_65' title='bbox 698 1272 772 1356; x_wconf 89' lang='lat' dir='ltr'><strong>quid</strong></span> <span class='ocrx_word' id='word_1_66' title='bbox 789 1272 913 1338; x_wconf 80' lang='lat' dir='ltr'><strong>iust‘tia</strong></span> <span class='ocrx_word' id='word_1_67' title='bbox 927 1273 976 1338; x_wconf 90' lang='lat' dir='ltr'><strong>dei</strong></span> <span class='ocrx_word' id='word_1_68' title='bbox 993 1276 1134 1356; x_wconf 90' lang='lat' dir='ltr'><strong>posceret</strong></span> <span class='ocrx_word' id='word_1_69' title='bbox 1149 1274 1224 1356; x_wconf 90' lang='lat' dir='ltr'><strong>quid</strong></span> <span class='ocrx_word' id='word_1_70' title='bbox 1241 1290 1331 1338; x_wconf 85' lang='lat' dir='ltr'><strong>sacra</strong></span> 
     </span>
     <span class='ocr_line' id='line_1_9' title="bbox 199 1375 1329 1460; baseline 0 -19"><span class='ocrx_word' id='word_1_71' title='bbox 199 1378 315 1442; x_wconf 83' lang='lat' dir='ltr'><strong>ueritas</strong></span> <span class='ocrx_word' id='word_1_72' title='bbox 331 1377 514 1459; x_wconf 76' lang='lat' dir='ltr'><strong>postularet,</strong></span> <span class='ocrx_word' id='word_1_73' title='bbox 538 1377 590 1442; x_wconf 87' lang='lat' dir='ltr'><strong>scd</strong></span> <span class='ocrx_word' id='word_1_74' title='bbox 607 1376 739 1452; x_wconf 81' lang='lat' dir='ltr'><strong>subacti,</strong></span> <span class='ocrx_word' id='word_1_75' title='bbox 763 1376 909 1454; x_wconf 87' lang='lat' dir='ltr'><strong>fatemur,</strong></span> <span class='ocrx_word' id='word_1_76' title='bbox 933 1394 1041 1441; x_wconf 89' lang='lat' dir='ltr'><strong>sumus</strong></span> <span class='ocrx_word' id='word_1_77' title='bbox 1059 1375 1133 1460; x_wconf 87' lang='lat' dir='ltr'><strong>iugo</strong></span> <span class='ocrx_word' id='word_1_78' title='bbox 1148 1376 1329 1442; x_wconf 86' lang='lat' dir='ltr'><strong>incarnatae</strong></span> 
     </span>
     <span class='ocr_line' id='line_1_10' title="bbox 199 1479 1329 1563; baseline 0 -19"><span class='ocrx_word' id='word_1_79' title='bbox 199 1480 438 1546; x_wconf 85' lang='lat' dir='ltr'><strong>necessitudinis</strong></span> <span class='ocrx_word' id='word_1_80' title='bbox 467 1485 499 1544; x_wconf 90' lang='lat' dir='ltr'><strong>ot</strong></span> <span class='ocrx_word' id='word_1_81' title='bbox 528 1479 670 1546; x_wconf 89' lang='lat' dir='ltr'><strong>dedimus</strong></span> <span class='ocrx_word' id='word_1_82' title='bbox 701 1479 840 1563; x_wconf 85' lang='lat' dir='ltr'><strong>captiuas</strong></span> <span class='ocrx_word' id='word_1_83' title='bbox 870 1498 981 1544; x_wconf 90' lang='lat' dir='ltr'><strong>manus</strong></span> <span class='ocrx_word' id='word_1_84' title='bbox 1011 1479 1147 1544; x_wconf 86' lang='lat' dir='ltr'><strong>uinculis</strong></span> <span class='ocrx_word' id='word_1_85' title='bbox 1171 1479 1329 1556; x_wconf 85' lang='lat' dir='ltr'><strong>caritatis;</strong></span> 
     </span>
     <span class='ocr_line' id='line_1_11' title="bbox 164 1582 1331 1668; baseline -0.002 -18"><span class='ocrx_word' id='word_1_86' title='bbox 164 1584 294 1650; x_wconf 79' lang='lat' dir='ltr'><strong>recessit</strong></span> <span class='ocrx_word' id='word_1_87' title='bbox 325 1584 470 1668; x_wconf 87' lang='lat' dir='ltr'><strong>sanguini</strong></span> <span class='ocrx_word' id='word_1_88' title='bbox 503 1584 579 1648; x_wconf 83' lang='lat' dir='ltr'><strong>fides</strong></span> <span class='ocrx_word' id='word_1_89' title='bbox 609 1584 641 1648; x_wconf 88' lang='lat' dir='ltr'><strong>et</strong></span> <span class='ocrx_word' id='word_1_90' title='bbox 662 1584 807 1648; x_wconf 88' lang='lat' dir='ltr'><strong>uicerunt</strong></span> <span class='ocrx_word' id='word_1_91' title='bbox 840 1582 1041 1650; x_wconf 86' lang='lat' dir='ltr'><strong>deuotionem</strong></span> <span class='ocrx_word' id='word_1_92' title='bbox 1074 1583 1234 1666; x_wconf 84' lang='lat' dir='ltr'><strong>religionis</strong></span> <span class='ocrx_word' id='word_1_93' title='bbox 1264 1586 1331 1648; x_wconf 90' lang='lat' dir='ltr'><strong>iura</strong></span> 
     </span>
     <span class='ocr_line' id='line_1_12' title="bbox 199 1686 1382 1770; baseline 0.007 -20"><span class='ocrx_word' id='word_1_94' title='bbox 199 1687 338 1769; x_wconf 90' lang='lat' dir='ltr'><strong>pietatis.</strong></span> <span class='ocrx_word' id='word_1_95' title='bbox 369 1687 432 1752; x_wconf 90' lang='lat' dir='ltr'><strong>dici</strong></span> <span class='ocrx_word' id='word_1_96' title='bbox 448 1687 564 1769; x_wconf 88' lang='lat' dir='ltr'><strong>aliquid</strong></span> <span class='ocrx_word' id='word_1_97' title='bbox 585 1687 698 1769; x_wconf 88' lang='lat' dir='ltr'><strong>potest,</strong></span> <span class='ocrx_word' id='word_1_98' title='bbox 723 1689 850 1752; x_wconf 86' lang='lat' dir='ltr'><strong>tametsi</strong></span> <span class='ocrx_word' id='word_1_99' title='bbox 865 1686 1036 1752; x_wconf 86' lang='lat' dir='ltr'><strong>salubriter</strong></span> <span class='ocrx_word' id='word_1_100' title='bbox 1052 1687 1114 1752; x_wconf 86' lang='lat' dir='ltr'><strong>dici</strong></span> <span class='ocrx_word' id='word_1_101' title='bbox 1129 1705 1192 1752; x_wconf 90' lang='lat' dir='ltr'><strong>non</strong></span> <span class='ocrx_word' id='word_1_102' title='bbox 1207 1688 1328 1770; x_wconf 90' lang='lat' dir='ltr'><strong>potest:</strong></span> <span class='ocrx_word' id='word_1_103' title='bbox 1362 1693 1382 1758; x_wconf 88' lang='lat'><em>8</em></span> 
     </span>
     <span class='ocr_line' id='line_1_13' title="bbox 200 1790 1330 1874; baseline 0.001 -20"><span class='ocrx_word' id='word_1_104' title='bbox 200 1792 248 1854; x_wconf 91' lang='lat' dir='ltr'><strong>est</strong></span> <span class='ocrx_word' id='word_1_105' title='bbox 281 1792 392 1856; x_wconf 87' lang='lat' dir='ltr'><strong>umbra</strong></span> <span class='ocrx_word' id='word_1_106' title='bbox 428 1790 700 1856; x_wconf 86' lang='lat' dir='ltr'><strong>excusatiunculae</strong></span> <span class='ocrx_word' id='word_1_107' title='bbox 736 1809 797 1854; x_wconf 92' lang='lat' dir='ltr'><strong>non</strong></span> <span class='ocrx_word' id='word_1_108' title='bbox 831 1808 986 1868; x_wconf 85' lang='lat' dir='ltr'><strong>excusans,</strong></span> <span class='ocrx_word' id='word_1_109' title='bbox 1024 1791 1102 1856; x_wconf 93' lang='lat' dir='ltr'><strong>dans</strong></span> <span class='ocrx_word' id='word_1_110' title='bbox 1137 1809 1189 1856; x_wconf 91' lang='lat' dir='ltr'><strong>reo</strong></span> <span class='ocrx_word' id='word_1_111' title='bbox 1223 1791 1330 1874; x_wconf 88' lang='lat' dir='ltr'><strong>depre-</strong></span> 
     </span>
     <span class='ocr_line' id='line_1_14' title="bbox 200 1893 1331 1977; baseline 0 -19"><span class='ocrx_word' id='word_1_112' title='bbox 200 1893 397 1958; x_wconf 88' lang='lat' dir='ltr'><strong>oatiunoulae</strong></span> <span class='ocrx_word' id='word_1_113' title='bbox 420 1895 554 1977; x_wconf 91' lang='lat' dir='ltr'><strong>speciem</strong></span> <span class='ocrx_word' id='word_1_114' title='bbox 577 1912 638 1958; x_wconf 92' lang='lat' dir='ltr'><strong>non</strong></span> <span class='ocrx_word' id='word_1_115' title='bbox 661 1897 767 1958; x_wconf 89' lang='lat' dir='ltr'><strong>reatus</strong></span> <span class='ocrx_word' id='word_1_116' title='bbox 790 1893 995 1959; x_wconf 86' lang='lat' dir='ltr'><strong>securitatem.</strong></span> <span class='ocrx_word' id='word_1_117' title='bbox 1026 1913 1223 1977; x_wconf 88' lang='lat' dir='ltr'><strong>nequaquam</strong></span> <span class='ocrx_word' id='word_1_118' title='bbox 1246 1893 1331 1958; x_wconf 91' lang='lat' dir='ltr'><strong>enim</strong></span> 
     </span>
     <span class='ocr_line' id='line_1_15' title="bbox 199 1997 1328 2079; baseline 0.001 -18"><span class='ocrx_word' id='word_1_119' title='bbox 199 1997 231 2061; x_wconf 92' lang='lat' dir='ltr'><strong>id</strong></span> <span class='ocrx_word' id='word_1_120' title='bbox 253 1997 313 2062; x_wconf 92' lang='lat' dir='ltr'><strong>ulli</strong></span> <span class='ocrx_word' id='word_1_121' title='bbox 335 2000 479 2079; x_wconf 90' lang='lat' dir='ltr'><strong>spondeo,</strong></span> <span class='ocrx_word' id='word_1_122' title='bbox 503 1999 584 2079; x_wconf 89' lang='lat' dir='ltr'><strong>quod</strong></span> <span class='ocrx_word' id='word_1_123' title='bbox 607 1997 706 2078; x_wconf 88' lang='lat' dir='ltr'><strong>possit</strong></span> <span class='ocrx_word' id='word_1_124' title='bbox 728 1997 896 2062; x_wconf 85' lang='lat' dir='ltr'><strong>cuiuslibet</strong></span> <span class='ocrx_word' id='word_1_125' title='bbox 912 1997 959 2064; x_wconf 90' lang='lat' dir='ltr'><strong>rei</strong></span> <span class='ocrx_word' id='word_1_126' title='bbox 973 1997 1100 2062; x_wconf 89' lang='lat' dir='ltr'><strong>firmum</strong></span> <span class='ocrx_word' id='word_1_127' title='bbox 1116 1998 1229 2063; x_wconf 88' lang='lat' dir='ltr'><strong>habore</strong></span> <span class='ocrx_word' id='word_1_128' title='bbox 1252 1997 1328 2062; x_wconf 90' lang='lat' dir='ltr'><strong>sub-</strong></span> 
     </span>
     <span class='ocr_line' id='line_1_16' title="bbox 164 2100 1330 2183; baseline 0 -17"><span class='ocrx_word' id='word_1_129' title='bbox 164 2126 191 2168; x_wconf 80' lang='grc'><strong>11</strong></span> <span class='ocrx_word' id='word_1_130' title='bbox 200 2100 316 2166; x_wconf 90' lang='lat' dir='ltr'><strong>sidium</strong></span> <span class='ocrx_word' id='word_1_131' title='bbox 339 2100 392 2183; x_wconf 90' lang='lat' dir='ltr'><strong>qui</strong></span> <span class='ocrx_word' id='word_1_132' title='bbox 415 2101 534 2183; x_wconf 91' lang='lat' dir='ltr'><strong>aliquid</strong></span> <span class='ocrx_word' id='word_1_133' title='bbox 557 2101 626 2182; x_wconf 92' lang='lat' dir='ltr'><strong>plus</strong></span> <span class='ocrx_word' id='word_1_134' title='bbox 643 2101 799 2166; x_wconf 88' lang='lat' dir='ltr'><strong>amauerit</strong></span> <span class='ocrx_word' id='word_1_135' title='bbox 814 2119 908 2182; x_wconf 87' lang='lat' dir='ltr'><strong>quam</strong></span> <span class='ocrx_word' id='word_1_136' title='bbox 924 2103 1027 2178; x_wconf 88' lang='lat' dir='ltr'><strong>deum,</strong></span> <span class='ocrx_word' id='word_1_137' title='bbox 1051 2103 1224 2168; x_wconf 88' lang='lat' dir='ltr'><strong>secundum</strong></span> <span class='ocrx_word' id='word_1_138' title='bbox 1239 2102 1330 2175; x_wconf 93' lang='lat' dir='ltr'><strong>illud,</strong></span> 
     </span>
     <span class='ocr_line' id='line_1_17' title="bbox 200 2203 1331 2286; baseline 0.003 -18"><span class='ocrx_word' id='word_1_139' title='bbox 200 2206 282 2286; x_wconf 91' lang='lat' dir='ltr'><strong>quod</strong></span> <span class='ocrx_word' id='word_1_140' title='bbox 305 2205 457 2286; x_wconf 89' lang='lat' dir='ltr'><strong>seriptum</strong></span> <span class='ocrx_word' id='word_1_141' title='bbox 481 2205 538 2280; x_wconf 88' lang='lat' dir='ltr'><strong>ost,</strong></span> <span class='ocrx_word' id='word_1_142' title='bbox 561 2204 595 2266; x_wconf 94' lang='lat' dir='ltr'><strong>in</strong></span> <span class='ocrx_word' id='word_1_143' title='bbox 613 2204 670 2268; x_wconf 91' lang='lat' dir='ltr'><strong>hoc</strong></span> <span class='ocrx_word' id='word_1_144' title='bbox 684 2203 827 2268; x_wconf 83' lang='lat' dir='ltr'><strong>futurum</strong></span> <span class='ocrx_word' id='word_1_145' title='bbox 842 2223 907 2268; x_wconf 90' lang='lat' dir='ltr'><strong>esse</strong></span> <span class='ocrx_word' id='word_1_146' title='bbox 923 2205 1087 2285; x_wconf 84' lang='lat' dir='ltr'><strong>iudicium,</strong></span> <span class='ocrx_word' id='word_1_147' title='bbox 1111 2205 1193 2286; x_wconf 90' lang='lat' dir='ltr'><strong>quod</strong></span> <span class='ocrx_word' id='word_1_148' title='bbox 1209 2207 1331 2271; x_wconf 90' lang='lat' dir='ltr'><strong>uenerit</strong></span> 
     </span>
     <span class='ocr_line' id='line_1_18' title="bbox 198 2307 1331 2390; baseline 0.002 -18"><span class='ocrx_word' id='word_1_149' title='bbox 198 2309 253 2372; x_wconf 88' lang='grc'><strong>11111</strong></span> <span class='ocrx_word' id='word_1_150' title='bbox 280 2307 314 2372; x_wconf 88' lang='lat' dir='ltr'><strong>iu</strong></span> <span class='ocrx_word' id='word_1_151' title='bbox 342 2307 426 2372; x_wconf 92' lang='lat' dir='ltr'><strong>hunc</strong></span> <span class='ocrx_word' id='word_1_152' title='bbox 454 2309 606 2372; x_wconf 89' lang='lat' dir='ltr'><strong>mundum</strong></span> <span class='ocrx_word' id='word_1_153' title='bbox 634 2313 665 2372; x_wconf 88' lang='lat' dir='ltr'><strong>ot</strong></span> <span class='ocrx_word' id='word_1_154' title='bbox 693 2308 859 2372; x_wconf 83' lang='lat' dir='ltr'><strong>dilexerint</strong></span> <span class='ocrx_word' id='word_1_155' title='bbox 886 2307 1027 2372; x_wconf 89' lang='lat' dir='ltr'><strong>homines</strong></span> <span class='ocrx_word' id='word_1_156' title='bbox 1058 2311 1158 2390; x_wconf 90' lang='lat' dir='ltr'><strong>magis</strong></span> <span class='ocrx_word' id='word_1_157' title='bbox 1188 2310 1331 2374; x_wconf 88' lang='lat' dir='ltr'><strong>tenebras</strong></span> 
     </span>
     <span class='ocr_line' id='line_1_19' title="bbox 199 2410 1330 2493; baseline 0 -18"><span class='ocrx_word' id='word_1_158' title='bbox 199 2429 293 2493; x_wconf 90' lang='lat' dir='ltr'><strong>quam</strong></span> <span class='ocrx_word' id='word_1_159' title='bbox 327 2410 438 2476; x_wconf 90' lang='lat' dir='ltr'><strong>lucem.</strong></span> <span class='ocrx_word' id='word_1_160' title='bbox 477 2410 593 2474; x_wconf 89' lang='lat' dir='ltr'><strong>nemini</strong></span> <span class='ocrx_word' id='word_1_161' title='bbox 629 2411 710 2475; x_wconf 90' lang='lat' dir='ltr'><strong>enim</strong></span> <span class='ocrx_word' id='word_1_162' title='bbox 745 2412 874 2475; x_wconf 89' lang='lat' dir='ltr'><strong>dubium</strong></span> <span class='ocrx_word' id='word_1_163' title='bbox 907 2413 954 2475; x_wconf 86' lang='lat' dir='ltr'><strong>est</strong></span> <span class='ocrx_word' id='word_1_164' title='bbox 988 2412 1092 2476; x_wconf 85' lang='lat' dir='ltr'><strong>totum</strong></span> <span class='ocrx_word' id='word_1_165' title='bbox 1122 2415 1153 2478; x_wconf 94' lang='lat' dir='ltr'><strong>id</strong></span> <span class='ocrx_word' id='word_1_166' title='bbox 1186 2411 1330 2476; x_wconf 90' lang='lat' dir='ltr'><strong>tenebras</strong></span> 
     </span>
    </p>
   </div>
   <div class='ocr_carea' id='block_1_3' title="bbox 162 2514 1383 2804">
    <p class='ocr_par' dir='ltr' id='par_1_3' title="bbox 162 2514 1383 2804">
     <span class='ocr_line' id='line_1_20' title="bbox 199 2514 1330 2598; baseline 0.002 -19"><span class='ocrx_word' id='word_1_167' title='bbox 199 2515 341 2579; x_wconf 83' lang='lat' dir='ltr'><strong>futurum</strong></span> <span class='ocrx_word' id='word_1_168' title='bbox 371 2515 499 2590; x_wconf 93' lang='lat' dir='ltr'><strong>homini,</strong></span> <span class='ocrx_word' id='word_1_169' title='bbox 534 2515 682 2598; x_wconf 90' lang='lat' dir='ltr'><strong>quidquid</strong></span> <span class='ocrx_word' id='word_1_170' title='bbox 712 2514 836 2579; x_wconf 91' lang='lat' dir='ltr'><strong>diuinae</strong></span> <span class='ocrx_word' id='word_1_171' title='bbox 865 2514 1051 2598; x_wconf 88' lang='lat' dir='ltr'><strong>praetulerit</strong></span> <span class='ocrx_word' id='word_1_172' title='bbox 1081 2515 1215 2580; x_wconf 87' lang='lat' dir='ltr'><strong>caritati.</strong></span> <span class='ocrx_word' id='word_1_173' title='bbox 1254 2516 1330 2581; x_wconf 90' lang='lat' dir='ltr'><strong>haec</strong></span> 
     </span>
     <span class='ocr_line' id='line_1_21' title="bbox 162 2616 1383 2702; baseline 0.002 -16"><span class='ocrx_word' id='word_1_174' title='bbox 162 2635 273 2700; x_wconf 75' lang='lat' dir='ltr'><strong>soergo</strong></span> <span class='ocrx_word' id='word_1_175' title='bbox 302 2616 347 2682; x_wconf 89' lang='lat' dir='ltr'><strong>ita</strong></span> <span class='ocrx_word' id='word_1_176' title='bbox 375 2621 458 2682; x_wconf 90' lang='lat' dir='ltr'><strong>sunt.</strong></span> <span class='ocrx_word' id='word_1_177' title='bbox 496 2618 550 2682; x_wconf 90' lang='lat' dir='ltr'><strong>sed</strong></span> <span class='ocrx_word' id='word_1_178' title='bbox 580 2620 656 2696; x_wconf 88' lang='lat' dir='ltr'><strong>esto,</strong></span> <span class='ocrx_word' id='word_1_179' title='bbox 686 2618 722 2681; x_wconf 89' lang='lat' dir='ltr'><strong>nt</strong></span> <span class='ocrx_word' id='word_1_180' title='bbox 744 2617 817 2701; x_wconf 88' lang='lat' dir='ltr'><strong>dixi,</strong></span> <span class='ocrx_word' id='word_1_181' title='bbox 846 2617 1004 2700; x_wconf 89' lang='lat' dir='ltr'><strong>indulgeri</strong></span> <span class='ocrx_word' id='word_1_182' title='bbox 1027 2619 1207 2700; x_wconf 89' lang='lat' dir='ltr'><strong>parentibus</strong></span> <span class='ocrx_word' id='word_1_183' title='bbox 1231 2621 1330 2702; x_wconf 91' lang='lat' dir='ltr'><strong>possit</strong></span> <span class='ocrx_word' id='word_1_184' title='bbox 1363 2624 1383 2689; x_wconf 86' lang='lat'><strong>9</strong></span> 
     </span>
     <span class='ocr_line' id='line_1_22' title="bbox 199 2717 1331 2804; baseline 0.003 -19"><span class='ocrx_word' id='word_1_185' title='bbox 199 2725 330 2786; x_wconf 88' lang='lat' dir='ltr'><strong>naturae</strong></span> <span class='ocrx_word' id='word_1_186' title='bbox 354 2719 556 2803; x_wconf 84' lang='lat' dir='ltr'><strong>insalubriter</strong></span> <span class='ocrx_word' id='word_1_187' title='bbox 579 2721 828 2804; x_wconf 80' lang='lat' dir='ltr'><strong>indulgentibus.</strong></span> <span class='ocrx_word' id='word_1_188' title='bbox 867 2723 941 2804; x_wconf 90' lang='lat' dir='ltr'><strong>quid</strong></span> <span class='ocrx_word' id='word_1_189' title='bbox 973 2722 1053 2804; x_wconf 91' lang='lat' dir='ltr'><strong>quod</strong></span> <span class='ocrx_word' id='word_1_190' title='bbox 1076 2723 1227 2804; x_wconf 87' lang='lat' dir='ltr'><strong>nonnulli,</strong></span> <span class='ocrx_word' id='word_1_191' title='bbox 1249 2717 1331 2789; x_wconf 74' lang='lat' dir='ltr'><strong>&#39;filios</strong></span> 
     </span>
    </p>
   </div>
   <div class='ocr_carea' id='block_1_4' title="bbox 160 2824 1384 3841">
    <p class='ocr_par' dir='ltr' id='par_1_4' title="bbox 160 2824 1384 3841">
     <span class='ocr_line' id='line_1_23' title="bbox 199 2824 1331 2908; baseline 0.002 -19"><span class='ocrx_word' id='word_1_192' title='bbox 199 2844 261 2889; x_wconf 93' lang='lat' dir='ltr'><strong>non</strong></span> <span class='ocrx_word' id='word_1_193' title='bbox 289 2824 454 2901; x_wconf 87' lang='lat' dir='ltr'><strong>habentes,</strong></span> <span class='ocrx_word' id='word_1_194' title='bbox 487 2843 505 2888; x_wconf 93' lang='lat' dir='ltr'><strong>a</strong></span> <span class='ocrx_word' id='word_1_195' title='bbox 533 2827 676 2908; x_wconf 90' lang='lat' dir='ltr'><strong>respectu</strong></span> <span class='ocrx_word' id='word_1_196' title='bbox 706 2844 738 2889; x_wconf 90' lang='lat' dir='ltr'><strong>se</strong></span> <span class='ocrx_word' id='word_1_197' title='bbox 766 2827 873 2890; x_wconf 89' lang='lat' dir='ltr'><strong>tamen</strong></span> <span class='ocrx_word' id='word_1_198' title='bbox 900 2825 1012 2891; x_wconf 89' lang='lat' dir='ltr'><strong>salutis</strong></span> <span class='ocrx_word' id='word_1_199' title='bbox 1040 2843 1113 2890; x_wconf 89' lang='lat' dir='ltr'><strong>suae</strong></span> <span class='ocrx_word' id='word_1_200' title='bbox 1141 2826 1174 2889; x_wconf 87' lang='lat' dir='ltr'><strong>et</strong></span> <span class='ocrx_word' id='word_1_201' title='bbox 1195 2826 1331 2891; x_wconf 89' lang='lat' dir='ltr'><strong>remedio</strong></span> 
     </span>
     <span class='ocr_line' id='line_1_24' title="bbox 199 2926 1331 3011; baseline 0.001 -20"><span class='ocrx_word' id='word_1_202' title='bbox 199 2930 396 3010; x_wconf 86' lang='lat' dir='ltr'><strong>peccatorum</strong></span> <span class='ocrx_word' id='word_1_203' title='bbox 430 2927 555 3009; x_wconf 89' lang='lat' dir='ltr'><strong>penitus</strong></span> <span class='ocrx_word' id='word_1_204' title='bbox 590 2926 748 3008; x_wconf 85' lang='lat' dir='ltr'><strong>auertunt,</strong></span> <span class='ocrx_word' id='word_1_205' title='bbox 784 2945 820 2992; x_wconf 90' lang='lat' dir='ltr'><strong>ac</strong></span> <span class='ocrx_word' id='word_1_206' title='bbox 848 2926 925 2992; x_wconf 87' lang='lat' dir='ltr'><strong>licet</strong></span> <span class='ocrx_word' id='word_1_207' title='bbox 952 2928 1069 2993; x_wconf 90' lang='lat' dir='ltr'><strong>semine</strong></span> <span class='ocrx_word' id='word_1_208' title='bbox 1099 2929 1259 3011; x_wconf 91' lang='lat' dir='ltr'><strong>sanguinis</strong></span> <span class='ocrx_word' id='word_1_209' title='bbox 1282 2929 1331 2994; x_wconf 90' lang='lat' dir='ltr'><strong>sui</strong></span> 
     </span>
     <span class='ocr_line' id='line_1_25' title="bbox 200 3031 1331 3114; baseline 0.001 -19"><span class='ocrx_word' id='word_1_210' title='bbox 200 3033 336 3110; x_wconf 89' lang='lat' dir='ltr'><strong>careant,</strong></span> <span class='ocrx_word' id='word_1_211' title='bbox 361 3031 516 3113; x_wconf 84' lang='lat' dir='ltr'><strong>quaerunt</strong></span> <span class='ocrx_word' id='word_1_212' title='bbox 530 3032 637 3095; x_wconf 84' lang='lat' dir='ltr'><strong>tamen</strong></span> <span class='ocrx_word' id='word_1_213' title='bbox 654 3048 863 3114; x_wconf 88' lang='lat' dir='ltr'><strong>quoscumque</strong></span> <span class='ocrx_word' id='word_1_214' title='bbox 879 3031 967 3114; x_wconf 91' lang='lat' dir='ltr'><strong>alios,</strong></span> <span class='ocrx_word' id='word_1_215' title='bbox 992 3031 1103 3114; x_wconf 89' lang='lat' dir='ltr'><strong>quibus</strong></span> <span class='ocrx_word' id='word_1_216' title='bbox 1119 3033 1331 3097; x_wconf 88' lang='lat' dir='ltr'><strong>substantiam</strong></span> 
     </span>
     <span class='ocr_line' id='line_1_26' title="bbox 162 3133 1330 3218; baseline 0 -20"><span class='ocrx_word' id='word_1_217' title='bbox 162 3134 342 3217; x_wconf 72' lang='lat' dir='ltr'><strong>inpropriae</strong></span> <span class='ocrx_word' id='word_1_218' title='bbox 367 3135 528 3200; x_wconf 88' lang='lat' dir='ltr'><strong>facultatis</strong></span> <span class='ocrx_word' id='word_1_219' title='bbox 552 3135 708 3214; x_wconf 88' lang='lat' dir='ltr'><strong>addicant,</strong></span> <span class='ocrx_word' id='word_1_220' title='bbox 740 3134 772 3200; x_wconf 92' lang='lat' dir='ltr'><strong>id</strong></span> <span class='ocrx_word' id='word_1_221' title='bbox 796 3135 852 3215; x_wconf 91' lang='lat' dir='ltr'><strong>est,</strong></span> <span class='ocrx_word' id='word_1_222' title='bbox 878 3136 990 3218; x_wconf 89' lang='lat' dir='ltr'><strong>quibus</strong></span> <span class='ocrx_word' id='word_1_223' title='bbox 1014 3133 1183 3199; x_wconf 90' lang='lat' dir='ltr'><strong>umbratile</strong></span> <span class='ocrx_word' id='word_1_224' title='bbox 1205 3133 1330 3216; x_wconf 91' lang='lat' dir='ltr'><strong>aliquod</strong></span> 
     </span>
     <span class='ocr_line' id='line_1_27' title="bbox 199 3237 1329 3322; baseline 0.001 -21"><span class='ocrx_word' id='word_1_225' title='bbox 199 3237 442 3321; x_wconf 90' lang='lat' dir='ltr'><strong>propinquitatis</strong></span> <span class='ocrx_word' id='word_1_226' title='bbox 475 3257 587 3303; x_wconf 91' lang='lat' dir='ltr'><strong>nomen</strong></span> <span class='ocrx_word' id='word_1_227' title='bbox 622 3237 806 3318; x_wconf 85' lang='lat' dir='ltr'><strong>inscribant,</strong></span> <span class='ocrx_word' id='word_1_228' title='bbox 841 3257 916 3320; x_wconf 92' lang='lat' dir='ltr'><strong>quos</strong></span> <span class='ocrx_word' id='word_1_229' title='bbox 951 3238 1010 3302; x_wconf 91' lang='lat' dir='ltr'><strong>sibi</strong></span> <span class='ocrx_word' id='word_1_230' title='bbox 1046 3238 1135 3320; x_wconf 90' lang='lat' dir='ltr'><strong>quasi</strong></span> <span class='ocrx_word' id='word_1_231' title='bbox 1165 3239 1329 3322; x_wconf 89' lang='lat' dir='ltr'><strong>adoptiuos</strong></span> 
     </span>
     <span class='ocr_line' id='line_1_28' title="bbox 199 3341 1330 3425; baseline 0.002 -20"><span class='ocrx_word' id='word_1_232' title='bbox 199 3341 381 3422; x_wconf 88' lang='lat' dir='ltr'><strong>imaginarii</strong></span> <span class='ocrx_word' id='word_1_233' title='bbox 403 3343 548 3425; x_wconf 88' lang='lat' dir='ltr'><strong>parentes</strong></span> <span class='ocrx_word' id='word_1_234' title='bbox 571 3341 653 3406; x_wconf 92' lang='lat' dir='ltr'><strong>filios</strong></span> <span class='ocrx_word' id='word_1_235' title='bbox 676 3341 806 3418; x_wconf 88' lang='lat' dir='ltr'><strong>faciant,</strong></span> <span class='ocrx_word' id='word_1_236' title='bbox 829 3345 864 3406; x_wconf 91' lang='lat' dir='ltr'><strong>ut</strong></span> <span class='ocrx_word' id='word_1_237' title='bbox 884 3341 1035 3408; x_wconf 88' lang='lat' dir='ltr'><strong>inlocum</strong></span> <span class='ocrx_word' id='word_1_238' title='bbox 1052 3360 1330 3425; x_wconf 88' lang='lat' dir='ltr'><strong>eorumquaenon</strong></span> 
     </span>
     <span class='ocr_line' id='line_1_29' title="bbox 200 3445 1384 3534; baseline 0.003 -25"><span class='ocrx_word' id='word_1_239' title='bbox 200 3447 274 3509; x_wconf 87' lang='lat' dir='ltr'><strong>sunt</strong></span> <span class='ocrx_word' id='word_1_240' title='bbox 297 3445 464 3528; x_wconf 86' lang='lat' dir='ltr'><strong>pignorum</strong></span> <span class='ocrx_word' id='word_1_241' title='bbox 485 3445 615 3527; x_wconf 88' lang='lat' dir='ltr'><strong>perfidia</strong></span> <span class='ocrx_word' id='word_1_242' title='bbox 637 3452 805 3530; x_wconf 82' lang='lat' dir='ltr'><strong>generante</strong></span> <span class='ocrx_word' id='word_1_243' title='bbox 827 3445 1002 3511; x_wconf 87' lang='lat' dir='ltr'><strong>succedant.</strong></span> <span class='ocrx_word' id='word_1_244' title='bbox 1034 3464 1070 3511; x_wconf 89' lang='lat' dir='ltr'><strong>ao</strong></span> <span class='ocrx_word' id='word_1_245' title='bbox 1093 3447 1136 3510; x_wconf 90' lang='lat' dir='ltr'><strong>sic</strong></span> <span class='ocrx_word' id='word_1_246' title='bbox 1160 3446 1330 3534; x_wconf 85' lang='lat' dir='ltr'><strong>miserrimi</strong></span> <span class='ocrx_word' id='word_1_247' title='bbox 1343 3447 1384 3512; x_wconf 92' lang='lat'><strong>10</strong></span> 
     </span>
     <span class='ocr_line' id='line_1_30' title="bbox 200 3548 1328 3633; baseline 0 -21"><span class='ocrx_word' id='word_1_248' title='bbox 200 3549 315 3630; x_wconf 91' lang='lat' dir='ltr'><strong>quique</strong></span> <span class='ocrx_word' id='word_1_249' title='bbox 337 3552 369 3613; x_wconf 91' lang='lat' dir='ltr'><strong>et</strong></span> <span class='ocrx_word' id='word_1_250' title='bbox 392 3548 572 3633; x_wconf 89' lang='lat' dir='ltr'><strong>inpiissimi‚</strong></span> <span class='ocrx_word' id='word_1_251' title='bbox 597 3568 668 3613; x_wconf 91' lang='lat' dir='ltr'><strong>oum</strong></span> <span class='ocrx_word' id='word_1_252' title='bbox 687 3548 821 3614; x_wconf 90' lang='lat' dir='ltr'><strong>uinculis</strong></span> <span class='ocrx_word' id='word_1_253' title='bbox 836 3549 975 3614; x_wconf 91' lang='lat' dir='ltr'><strong>filiorum</strong></span> <span class='ocrx_word' id='word_1_254' title='bbox 991 3567 1051 3613; x_wconf 94' lang='lat' dir='ltr'><strong>non</strong></span> <span class='ocrx_word' id='word_1_255' title='bbox 1066 3551 1328 3632; x_wconf 89' lang='lat' dir='ltr'><strong>constringantur,</strong></span> 
     </span>
     <span class='ocr_line' id='line_1_31' title="bbox 160 3651 1329 3743; baseline 0.004 -31"><span class='ocrx_word' id='word_1_256' title='bbox 160 3651 261 3743; x_wconf 82' lang='lat' dir='ltr'><strong>seipsi</strong></span> <span class='ocrx_word' id='word_1_257' title='bbox 295 3653 399 3717; x_wconf 89' lang='lat' dir='ltr'><strong>tamen</strong></span> <span class='ocrx_word' id='word_1_258' title='bbox 436 3653 496 3717; x_wconf 90' lang='lat' dir='ltr'><strong>sibi</strong></span> <span class='ocrx_word' id='word_1_259' title='bbox 530 3653 656 3718; x_wconf 87' lang='lat' dir='ltr'><strong>uincula</strong></span> <span class='ocrx_word' id='word_1_260' title='bbox 688 3656 808 3736; x_wconf 88' lang='lat' dir='ltr'><strong>parant,</strong></span> <span class='ocrx_word' id='word_1_261' title='bbox 843 3653 955 3734; x_wconf 89' lang='lat' dir='ltr'><strong>quibus</strong></span> <span class='ocrx_word' id='word_1_262' title='bbox 987 3653 1126 3717; x_wconf 81' lang='lat' dir='ltr'><strong>infelicia</strong></span> <span class='ocrx_word' id='word_1_263' title='bbox 1157 3656 1329 3717; x_wconf 88' lang='lat' dir='ltr'><strong>animarum</strong></span> 
     </span>
     <span class='ocr_line' id='line_1_32' title="bbox 199 3755 1330 3841; baseline 0.001 -22"><span class='ocrx_word' id='word_1_264' title='bbox 199 3773 327 3820; x_wconf 91' lang='lat' dir='ltr'><strong>suarum</strong></span> <span class='ocrx_word' id='word_1_265' title='bbox 351 3755 431 3822; x_wconf 87' lang='lat' dir='ltr'><strong>colla</strong></span> <span class='ocrx_word' id='word_1_266' title='bbox 446 3759 678 3841; x_wconf 87' lang='lat' dir='ltr'><strong>constringant:</strong></span> <span class='ocrx_word' id='word_1_267' title='bbox 703 3774 773 3822; x_wconf 92' lang='lat' dir='ltr'><strong>oum</strong></span> <span class='ocrx_word' id='word_1_268' title='bbox 789 3758 838 3821; x_wconf 92' lang='lat' dir='ltr'><strong>uis</strong></span> <span class='ocrx_word' id='word_1_269' title='bbox 857 3757 1098 3824; x_wconf 89' lang='lat' dir='ltr'><strong>domesticorum</strong></span> <span class='ocrx_word' id='word_1_270' title='bbox 1114 3756 1330 3822; x_wconf 87' lang='lat' dir='ltr'><strong>discriminum</strong></span> 
     </span>
    </p>
   </div>
   <div class='ocr_carea' id='block_1_5' title="bbox 303 3919 509 3984">
    <p class='ocr_par' dir='ltr' id='par_1_5' title="bbox 303 3919 509 3984">
     <span class='ocr_line' id='line_1_33' title="bbox 303 3919 509 3984; baseline 0.005 -11"><span class='ocrx_word' id='word_1_271' title='bbox 303 3920 336 3973; x_wconf 83' lang='grc'><strong>16</strong></span> <span class='ocrx_word' id='word_1_272' title='bbox 357 3919 414 3974; x_wconf 85' lang='grc'><strong>1111.</strong></span> <span class='ocrx_word' id='word_1_273' title='bbox 433 3920 457 3984; x_wconf 89' lang='grc'><strong>3,</strong></span> <span class='ocrx_word' id='word_1_274' title='bbox 476 3921 509 3974; x_wconf 90' lang='grc'><strong>19</strong></span> 
     </span>
    </p>
   </div>
   <div class='ocr_carea' id='block_1_6' title="bbox 198 4067 1328 4465">
    <p class='ocr_par' dir='ltr' id='par_1_6' title="bbox 198 4067 1328 4465">
     <span class='ocr_line' id='line_1_34' title="bbox 252 4067 1260 4135; baseline 0 -15"><span class='ocrx_word' id='word_1_275' title='bbox 252 4068 266 4120; x_wconf 96' lang='grc'><strong>1</strong></span> <span class='ocrx_word' id='word_1_276' title='bbox 295 4067 411 4135; x_wconf 90' lang='lat' dir='ltr'><strong>reliquid</strong></span> <span class='ocrx_word' id='word_1_277' title='bbox 438 4068 465 4122; x_wconf 99' lang='grc' dir='ltr'><strong><em>Β</em></strong></span> <span class='ocrx_word' id='word_1_278' title='bbox 569 4067 602 4122; x_wconf 91' lang='grc'><strong>10</strong></span> <span class='ocrx_word' id='word_1_279' title='bbox 628 4068 694 4122; x_wconf 89' lang='lat' dir='ltr'><strong>fides</strong></span> <span class='ocrx_word' id='word_1_280' title='bbox 721 4084 755 4124; x_wconf 79' lang='lat' dir='ltr'><strong>ca</strong></span> <span class='ocrx_word' id='word_1_281' title='bbox 780 4067 841 4122; x_wconf 86' lang='lat' dir='ltr'><strong>fidis</strong></span> <span class='ocrx_word' id='word_1_282' title='bbox 869 4083 938 4122; x_wconf 81' lang='lat' dir='ltr'><strong>corr.</strong></span> <span class='ocrx_word' id='word_1_283' title='bbox 965 4071 1038 4122; x_wconf 76' lang='grc'><strong>1112</strong></span> <span class='ocrx_word' id='word_1_284' title='bbox 1064 4068 1091 4120; x_wconf 83' lang='grc' dir='ltr'><strong><em>Α</em></strong></span> <span class='ocrx_word' id='word_1_285' title='bbox 1109 4073 1136 4120; x_wconf 84' lang='grc'><strong>11</strong></span> <span class='ocrx_word' id='word_1_286' title='bbox 1152 4067 1180 4120; x_wconf 93' lang='grc' dir='ltr'><strong><em>Β</em></strong></span> <span class='ocrx_word' id='word_1_287' title='bbox 1200 4069 1260 4134; x_wconf 74' lang='lat' dir='ltr'><strong>(sict</strong></span> 
     </span>
     <span class='ocr_line' id='line_1_35' title="bbox 200 4153 1261 4223; baseline -0.002 -15"><span class='ocrx_word' id='word_1_288' title='bbox 200 4153 564 4223; x_wconf 59' lang='lat' dir='ltr'><strong>remunerandam</strong></span> <span class='ocrx_word' id='word_1_289' title='bbox 658 4155 690 4208; x_wconf 85' lang='grc'><strong>16</strong></span> <span class='ocrx_word' id='word_1_290' title='bbox 707 4155 837 4209; x_wconf 83' lang='lat' dir='ltr'><strong>iudicium</strong></span> <span class='ocrx_word' id='word_1_291' title='bbox 856 4170 912 4210; x_wconf 86' lang='lat' dir='ltr'><strong>esso</strong></span> <span class='ocrx_word' id='word_1_292' title='bbox 929 4155 956 4208; x_wconf 93' lang='grc' dir='ltr'><strong><em>Β</em></strong></span> <span class='ocrx_word' id='word_1_293' title='bbox 1050 4155 1081 4207; x_wconf 81' lang='grc'><strong>17</strong></span> <span class='ocrx_word' id='word_1_294' title='bbox 1099 4153 1215 4206; x_wconf 88' lang='lat' dir='ltr'><strong>bominis</strong></span> <span class='ocrx_word' id='word_1_295' title='bbox 1233 4154 1261 4206; x_wconf 78' lang='lat' dir='ltr'><strong><em>A</em></strong></span> 
     </span>
     <span class='ocr_line' id='line_1_36' title="bbox 198 4239 1328 4310; baseline 0.002 -18"><span class='ocrx_word' id='word_1_296' title='bbox 198 4240 233 4293; x_wconf 77' lang='lat'><strong>26</strong></span> <span class='ocrx_word' id='word_1_297' title='bbox 256 4254 308 4306; x_wconf 87' lang='lat' dir='ltr'><strong>quo</strong></span> <span class='ocrx_word' id='word_1_298' title='bbox 330 4239 488 4308; x_wconf 72' lang='lat' dir='ltr'><strong>auspicatur</strong></span> <span class='ocrx_word' id='word_1_299' title='bbox 510 4239 656 4294; x_wconf 81' lang='lat' dir='ltr'><strong>Hartclius</strong></span> <span class='ocrx_word' id='word_1_300' title='bbox 759 4240 792 4294; x_wconf 85' lang='grc'><strong>27</strong></span> <span class='ocrx_word' id='word_1_301' title='bbox 816 4242 858 4310; x_wconf 88' lang='lat' dir='ltr'><strong>ut]</strong></span> <span class='ocrx_word' id='word_1_302' title='bbox 884 4241 1044 4296; x_wconf 75' lang='lat' dir='ltr'><strong>Heraclius.-</strong></span> <span class='ocrx_word' id='word_1_303' title='bbox 1072 4243 1100 4292; x_wconf 86' lang='lat' dir='ltr'><strong>et</strong></span> <span class='ocrx_word' id='word_1_304' title='bbox 1117 4240 1172 4292; x_wconf 81' lang='lat' dir='ltr'><strong>AB</strong></span> <span class='ocrx_word' id='word_1_305' title='bbox 1181 4239 1328 4304; x_wconf 71' lang='lat' dir='ltr'><strong>Habesos,-</strong></span> 
     </span>
     <span class='ocr_line' id='line_1_37' title="bbox 198 4323 1328 4396; baseline 0.004 -18"><span class='ocrx_word' id='word_1_306' title='bbox 198 4325 257 4394; x_wconf 82' lang='lat' dir='ltr'><strong>a&#39;pse</strong></span> <span class='ocrx_word' id='word_1_307' title='bbox 278 4327 434 4394; x_wconf 76' lang='lat' dir='ltr'><strong>suspicatus</strong></span> <span class='ocrx_word' id='word_1_308' title='bbox 458 4327 603 4394; x_wconf 84' lang='lat' dir='ltr'><strong>eramqui</strong></span> <span class='ocrx_word' id='word_1_309' title='bbox 706 4326 740 4380; x_wconf 82' lang='lat'><strong>30</strong></span> <span class='ocrx_word' id='word_1_310' title='bbox 763 4327 874 4382; x_wconf 87' lang='lat' dir='ltr'><strong>infilioia</strong></span> <span class='ocrx_word' id='word_1_311' title='bbox 898 4327 1037 4380; x_wconf 73' lang='lat' dir='ltr'><strong>utstatim</strong></span> <span class='ocrx_word' id='word_1_312' title='bbox 1060 4323 1245 4380; x_wconf 86' lang='lat' dir='ltr'><strong>infelicissimo</strong></span> <span class='ocrx_word' id='word_1_313' title='bbox 1270 4327 1328 4396; x_wconf 80' lang='grc'><strong>(111)</strong></span> 
     </span>
     <span class='ocr_line' id='line_1_38' title="bbox 199 4411 439 4465; baseline 0.004 -1"><span class='ocrx_word' id='word_1_314' title='bbox 199 4415 225 4464; x_wconf 85' lang='lat' dir='ltr'><strong>et</strong></span> <span class='ocrx_word' id='word_1_315' title='bbox 242 4411 395 4465; x_wconf 85' lang='lat' dir='ltr'><strong>infilioitate</strong></span> <span class='ocrx_word' id='word_1_316' title='bbox 414 4413 439 4465; x_wconf 83' lang='lat' dir='ltr'><em>A</em></span> 
     </span>
    </p>
   </div>
   <div class='ocr_carea' id='block_1_7' title="bbox 0 0 1590 5098">
    <p class='ocr_par' dir='ltr' id='par_1_7' title="bbox 0 0 1590 5098">
     <span class='ocr_line' id='line_1_39' title="bbox 0 0 1590 5098; baseline 0 3"><span class='ocrx_word' id='word_1_317' title='bbox 0 0 1590 5098; x_wconf 95' lang='lat' dir='ltr'><strong> </strong></span> 
     </span>
    </p>
   </div>
  </div>
 </body>
</html>
