3134 5098
282 471 325 538 44
770 469 926 524 Saluiani

285 659 339 724 sed
362 659 436 742 quia
455 658 550 724 multi
571 659 631 723 ista
653 676 714 724 non
737 637 863 740 sapiunt
885 660 919 724 et
933 660 1046 741 putant
1062 658 1203 726 homines
1219 657 1411 726 Christianos

284 763 363 828 haec
384 763 472 844 quasi
494 761 648 844 stipendia
669 760 742 826 fidei
764 779 838 827 suae
861 780 879 826 a
901 765 957 828 deo
980 777 1090 844 capere
1113 762 1240 839 debere,
1262 762 1316 840 ut,
1341 761 1413 844 quia

284 865 351 932 sint
374 866 493 930 cunctis
513 865 657 948 gentibus
673 863 888 946 religiosiores,
912 863 977 928 sint
999 864 1117 930 emetis
1140 864 1235 930 etiam
1260 865 1412 942 fortiores,

258 965 518 1051 iadquiescamus
541 965 682 1050 opinioni
705 985 811 1034 earum
833 970 926 1050 utque
949 969 1135 1034 sententiae.
1174 969 1229 1034 sed
1252 968 1413 1034 uideamus

287 1072 393 1136 tamen
422 1069 496 1153 quid
524 1070 567 1136 sit
589 1071 683 1154 deum
705 1070 840 1136 fideliter
862 1071 955 1138 credi.
993 1073 1047 1154 qui
1070 1072 1153 1136 enim
1178 1075 1246 1138 tam
1267 1090 1447 1154 magnams
1545 1125 1546 1154 ,

287 1173 481 1241 credulitatis
510 1175 544 1238 et
570 1172 644 1238 fidei
672 1176 845 1240 mercedem
875 1173 909 1240 in
939 1174 997 1238 hoc
1024 1175 1146 1240 saeculo
1169 1193 1237 1240 esse
1258 1176 1414 1258 uolumus,

287 1276 388 1358 qualis
404 1275 571 1342 credulitas
588 1280 644 1342 aut
658 1277 735 1344 fides
749 1278 821 1358 ipsa
836 1296 902 1344 csse
918 1276 1030 1342 debeat
1047 1281 1239 1344 considerare
1254 1277 1414 1344 debemus.

287 1378 365 1461 quid
388 1382 436 1447 est
458 1379 557 1462 igitur
578 1379 749 1444 credulitas
771 1379 822 1444 uel
846 1380 946 1446 fides?
969 1382 1086 1462 opinor,
1109 1380 1243 1446 fideliter
1258 1379 1416 1444 hominem

290 1479 411 1548 Christo
435 1481 577 1562 credere,
605 1481 639 1547 id
661 1484 709 1546 est
731 1483 855 1548 fidelem
878 1485 934 1550 deo
958 1501 1034 1564 esse,
1060 1484 1119 1548 hoc
1141 1485 1187 1548 est
1209 1482 1343 1548 fideliter
1365 1483 1416 1546 dei

289 1585 440 1650 mandata
461 1602 595 1650 souare.
624 1584 707 1651 sicut
729 1586 812 1651 enim
835 1587 918 1652 serui
932 1587 1093 1652 hominum
1110 1585 1246 1650 diuitum
1268 1587 1324 1652 aut
1345 1603 1417 1667 pro·
1426 1610 1450 1650 11

289 1689 456 1770 curatores,
481 1687 593 1770 quibus
609 1689 660 1754 uel
676 1689 888 1771 supellectiles
905 1690 1043 1773 copiosae
1059 1690 1110 1754 uel
1126 1689 1254 1756 cellaria
1269 1689 1419 1771 opulenta

289 1791 474 1869 creduntur,
503 1791 610 1858 fideles
638 1793 753 1875 absque
777 1793 871 1859 dubio
894 1793 957 1859 diei
986 1811 1047 1859 non
1069 1793 1202 1875 queunt,
1231 1793 1259 1858 si
1286 1810 1335 1858 res
1358 1793 1419 1860 sihi

289 1894 422 1960 traditas
444 1893 641 1960 decorarint:
665 1894 710 1959 sic
731 1895 869 1978 profecto
892 1893 989 1961 etiam
1012 1894 1182 1961 Christiani
1203 1896 1345 1961 homines
1368 1895 1418 1960 in·

260 1995 396 2062 8fideles
418 2000 509 2079 sunt,
539 1997 567 2062 si
589 1997 669 2062 bona
691 1997 752 2062 sibi
775 2017 794 2062 a
815 1998 872 2064 deo
896 1999 1063 2082 adsignata
1084 2001 1288 2083 corruperint.
1323 2016 1418 2080 quae·

288 2099 372 2166 ritus
388 2099 530 2179 forsitan,
554 2119 634 2183 quae
649 2100 713 2166 sint
736 2101 826 2180 bona,
849 2121 928 2184 quae
946 2103 1021 2168 deus
1038 2101 1223 2168 Christianis
1238 2101 1417 2166 hominibus
1427 2126 1449 2168 11
1548 2137 1549 2184 p

290 2202 456 2288 adsignet?
489 2221 582 2285 quae,
615 2205 677 2268 nisi
702 2205 810 2270 omnia
839 2224 895 2286 per
916 2224 996 2288 quae
1019 2206 1189 2284 credimus,
1219 2205 1252 2271 id
1275 2208 1341 2282 est,
1364 2223 1419 2287 per

290 2324 367 2389 quae
390 2307 494 2372 omnia
516 2304 687 2372 Christiani
710 2307 842 2374 sumus?
870 2310 1006 2390 primum
1028 2308 1148 2374 scilicet
1169 2309 1282 2391 legem,
1310 2309 1418 2374 deinde

289 2411 469 2492 prophetas,
492 2409 586 2474 tertio
609 2410 819 2496 euangelium,
844 2412 954 2493 quarto
970 2411 1158 2494 apostolicas
1179 2410 1340 2489 lectiones,
1364 2427 1419 2491 po·

290 2513 442 2578 stremum
467 2514 710 2595 regenerationis
735 2531 835 2579 nouae
857 2533 981 2590 munus,
1005 2514 1105 2580 tancti
1129 2513 1326 2596 baptismatis
1348 2531 1420 2596 gra·

291 2616 385 2698 tiam,
418 2615 518 2681 diuini
547 2615 727 2682 chrismatis
762 2616 957 2682 unctionem:
992 2616 1130 2694 scilicet,
1165 2619 1202 2680 ut
1229 2617 1309 2680 sicut
1339 2615 1453 2697 apudn

292 2717 452 2784 Hebraeos
475 2717 641 2800 quondam,
664 2718 697 2783 id
720 2722 768 2783 est
784 2719 970 2802 peculiarem
987 2737 1023 2785 ac
1037 2718 1197 2801 propriam
1211 2718 1262 2784 dei
1283 2720 1419 2802 gentem,

293 2838 366 2884 cum
397 2819 583 2886 iudiciarias
605 2822 701 2886 honor
728 2822 763 2886 in
792 2823 983 2905 potestatem
1016 2823 1136 2907 regiam
1169 2821 1421 2900 hanscendisset,

292 2923 526 3005 probatissimos
551 2927 581 2988 et
604 2924 790 2990 lectissimos
814 2925 897 2990 uiros
920 2944 975 3008 per
996 2925 1192 3008 unguentum
1207 2923 1329 3007 regium
1345 2923 1420 2990 dens

292 3026 418 3091 uocauit
440 3028 473 3092 in
495 3045 645 3110 regnum,
674 3027 720 3092 sic
743 3046 848 3093 omnes
870 3025 1014 3092 homines
1037 3026 1223 3104 Christiani,
1255 3045 1326 3091 cum
1349 3030 1421 3110 post

293 3127 431 3194 chrisma
446 3129 694 3196 ecclesiasticum
711 3132 814 3196 omnia
836 3130 886 3195 dei
902 3131 1050 3195 mandata
1066 3130 1220 3207 fecissent,
1244 3130 1283 3195 ad
1300 3129 1420 3211 capien-
1430 3158 1455 3201 rs

264 3229 370 3296 9dum
391 3232 507 3298 laboris
529 3233 705 3317 praemium
728 3237 914 3299 necarentur
936 3236 974 3299 ad
998 3235 1128 3298 caelum.
1167 3251 1239 3298 cum
1262 3252 1335 3317 ergo
1357 3230 1422 3296 ista

295 3333 359 3398 sint
382 3336 495 3412 omnia,
517 3353 572 3416 per
594 3353 672 3416 quae
693 3333 769 3398 fides
794 3335 932 3422 constat,
956 3333 1119 3399 uideamus
1143 3333 1212 3415 quis
1234 3332 1325 3396 tanta
1345 3331 1421 3398 haec

166 3505 169 3510 A
294 3436 367 3500 fidei
389 3438 586 3503 sacramenta
608 3437 779 3516 custodiat,
808 3438 844 3502 ut
866 3436 966 3504 fidelis
997 3455 1062 3502 esso
1089 3435 1248 3522 uideatis,
1276 3436 1350 3519 qnia
1371 3436 1421 3500 in·

293 3538 410 3617 fidelis,
444 3542 480 3605 ut
508 3540 659 3619 diximus,
688 3541 730 3606 sit
758 3559 881 3606 necessa
910 3541 959 3606 est
987 3540 1042 3623 qui
1069 3537 1141 3605 fidei
1170 3537 1333 3604 commissa
1359 3556 1421 3602 non

295 3645 411 3710 seruat.
456 3648 488 3709 et
511 3645 636 3726 quidem
659 3664 720 3710 non
742 3663 871 3728 quaero,
902 3646 938 3709 nt
969 3647 1080 3709 cuncta
1103 3643 1199 3709 faciat
1221 3661 1300 3725 quae
1322 3643 1459 3714 testa-³0

347 3933 469 3990 lmulta
486 3933 514 3986 Β
615 3933 739 3986 dtamen
756 3949 807 3987 cm.
825 3933 853 3986 Β
958 3931 1022 4000 quid
1040 3931 1112 3986 enim
1130 3933 1158 3986 A
1260 3929 1354 3998 8uel]
1373 3929 1423 3982 aut

294 4030 322 4083 Β
422 4027 557 4084 hominem
580 4025 697 4080 fideliter
719 4026 747 4079 Β
850 4025 1032 4081 9101111110
1056 4025 1084 4078 Β
1186 4023 1220 4078 10
1242 4021 1423 4093 procuratoris

295 4124 322 4177 Β
426 4123 457 4178 11
471 4121 669 4192 suppellectiles
682 4119 800 4190 copiosae
812 4122 839 4174 A
864 4119 1050 4190 subpellectile
1062 4119 1166 4189 copiose
1178 4119 1206 4172 B
1298 4118 1331 4172 19
1343 4131 1424 4186 gene·

295 4219 407 4272 rationis
432 4219 460 4272 Β
561 4215 596 4270 20
618 4215 772 4270 unctionem
789 4232 823 4272 erc
842 4216 980 4270 cntionem
1000 4215 1028 4270 A
1047 4231 1117 4271 corr.
1136 4199 1209 4270 msa
1311 4212 1343 4266 21
1369 4209 1424 4264 Hs·

298 4311 372 4368 breos
390 4313 418 4366 A
513 4311 548 4368 22
565 4310 709 4366 indicarint
727 4310 754 4365 A
853 4311 1053 4380 assurgentem
1072 4308 1099 4363 Β
1202 4307 1237 4362 28
1254 4305 1370 4360 infidelis
1389 4320 1424 4362 ex

296 4397 416 4452 infideles
434 4399 462 4452 A
479 4414 548 4454 corr.
566 4415 601 4457 m.
620 4399 640 4452 2
1172 4441 1174 4446 .
