3178 5100
273 481 341 555 '23ss
763 486 922 540 Saluiani

279 677 514 741 nouissimis
547 674 704 753 diebus,
739 675 797 739 hoc
829 677 893 752 est,
927 678 963 738 ut
997 677 1094 740 maior
1127 675 1409 741 thesaurizantium

279 782 385 846 reatus
406 785 499 857 esset,
525 797 596 844 cum
619 777 838 843 thesaurorum
856 777 1010 843 inuidiam
1026 779 1121 844 etiam
1138 779 1254 846 saeculi
1271 779 1411 844 extrema

272 883 485 948 cumularent.
516 882 819 958 thesaurizatis,
850 880 969 962 iuquit,
1000 880 1040 945 in
1070 882 1303 948 nouissimis
1330 882 1409 948 die-

279 987 359 1052 bus.
399 1005 452 1068 per
483 986 644 1051 thesauros
674 984 828 1066 cupiditas
857 1003 913 1066 par
942 985 1128 1050 nouissimos
1151 987 1229 1050 dies·
1238 984 1410 1052 infidelitas

272 1094 453 1154 accusatur.
491 1109 527 1154 ac
555 1108 611 1170 per
641 1089 700 1154 hoc
729 1089 841 1170 duplex
864 1092 896 1152 et
919 1089 1102 1170 cupiditatis
1132 1108 1213 1154 noxa
1237 1093 1284 1154 est
1307 1092 1339 1154 et
1362 1089 1411 1154 in·
1432 1110 1445 1151 a

270 1193 449 1270 :fidetitetta
475 1192 547 1275 quia
569 1193 741 1273 thesauros,
765 1211 841 1274 quos
863 1192 950 1257 iuxta
972 1193 1004 1255 id
1028 1193 1110 1273 quod
1127 1192 1206 1257 deus
1228 1193 1307 1258 dicit
1329 1192 1411 1257 ‘non

273 1287 545 1378 'concupisces’
568 1299 686 1360 crimen
703 1297 810 1378 utique
825 1297 941 1360 fuitet.
951 1295 1013 1360 alio
1028 1297 1169 1376 tempure
1185 1297 1410 1377 concupiscere,

278 1401 380 1465 maius
402 1397 520 1482 absque
541 1399 636 1465 dnbio
658 1419 713 1482 per
735 1399 955 1464 infidelitatem
978 1399 1079 1480 ipsam
1103 1399 1219 1462 crimen
1242 1399 1292 1466 est
1315 1399 1411 1466 etiam
1489 1474 1492 1483 Ι

280 1502 445 1568 inmundi
467 1503 529 1567 fine
552 1505 720 1568 cumulare.

225 1625 269 1692 ot
322 1621 412 1688 VIII.
448 1623 570 1688 Durum
605 1625 736 1690 fortasse
771 1624 884 1705 aliquis
919 1639 1096 1687 sermonem
1125 1641 1231 1686 meum
1261 1622 1446 1689 hactenusrc

274 1726 440 1792 iudicauit.
479 1727 510 1790 et
530 1747 606 1791 uere
629 1727 725 1792 durus
750 1726 857 1803 est‚‘si
881 1726 1000 1808 aliquid
1023 1744 1084 1790 non
1101 1743 1137 1790 ex
1159 1725 1412 1791 testimoniorum

280 1847 438 1896 sacrorum
461 1831 648 1895 auctoritate
673 1829 880 1894 commonuit:
905 1832 1000 1894 durus
1022 1829 1225 1909 existimetur,
1249 1830 1277 1893 si
1293 1828 1413 1912 aliquid

270 1932 345 1998 'tale
369 1933 488 2010 habuit,
513 1935 604 2015 quale
627 1933 681 1996 hic
704 1933 863 2013 apostolus
886 1931 1095 2013 praedicauit:
1118 1933 1236 1996 utnon
1262 1933 1412 1997 addamus

279 2035 358 2100 iilud
389 2035 507 2100 domiui
539 2035 638 2100 nostri
668 2035 797 2112 dictum,
827 2053 886 2118 quo
917 2054 1023 2100 omnes
1053 2037 1177 2119 penitus
1208 2035 1356 2118 indignos
1380 2055 1412 2100 se

273 2153 347 2204 'esse
379 2140 467 2216 dixit,
498 2139 643 2220 quinon
671 2140 903 2203 renuntiassent
927 2139 1072 2202 omnibus
1099 2153 1178 2220 quae
1206 2139 1446 2221 possederintrs

228 2247 453 2326 38<quaecum
477 2243 520 2307 ita
543 2241 617 2319 sInt,
631 2269 634 2276 ·
648 2257 759 2318 nonne,
790 2259 914 2323 quaeso,
937 2241 1248 2324 Indulgentissimnm
1272 2261 1307 2306 ac
1331 2245 1412 2307 moI-

281 2347 438 2411 Itssimum
462 2345 633 2410 existimari
657 2346 804 2409 conuenit
833 2345 923 2426 quod·
940 2345 1037 2409 locuti
1061 2363 1179 2425 sumus,
1195 2359 1197 2370 ·
1214 2347 1335 2410 sedicet
1358 2347 1413 2428 qui

281 2449 470 2527 hominibus,
495 2449 609 2531 quibus
630 2449 803 2532 perfectam
826 2448 1236 2513 incolumitatemtrituore
1259 2433 1323 2514 non¹
1342 2467 1413 2532 pos-

278 2565 399 2631 sumne,
423 2559 515 2634 ‘opem
537 2553 644 2616 saltim
669 2554 850 2633 desperatae
866 2553 978 2616 salutis
1001 2553 1201 2635 inquirimus,
1226 2555 1258 2618 ct
1280 2569 1414 2635 quorum

281 2655 390 2719 uitam·
405 2673 514 2719 sanare
538 2673 598 2718 non
621 2670 794 2736 possumus,
818 2655 952 2718 mortem
975 2655 1080 2718 leuare
1096 2656 1314 2734 temptamus?
1337 2659 1448 2738 quida>

281 2758 329 2821 est
351 2759 435 2821 enim
457 2757 593 2840 perfecta
616 2755 760 2821 sanitas?
788 2757 863 2838 quid
886 2757 947 2821 nisi
970 2757 1003 2820 iu
1025 2758 1094 2820 uita
1116 2758 1175 2822 hac
1198 2761 1275 2824 bene
1299 2761 1414 2844 agere?

283 2860 356 2942 quid
374 2862 535 2945 postrema
559 2862 700 2923 curatio?
724 2859 798 2941 quid
822 2861 885 2924 nisi
906 2861 957 2926 uel
973 2861 1005 2924 tn
1022 2863 1167 2927 extremis
1183 2863 1296 2927 bonum
1320 2863 1415 2930 niati-

272 2963 568 3044 cnmr'conparare?
593 2963 672 3046 quid
695 2965 744 3027 est
767 2964 906 3045 perfecta
929 2963 1070 3028 sanItas?
1101 2955 1175 3045 q'uid
1197 2965 1258 3029 nisi
1274 2969 1373 3032 rebus
1397 2985 1415 3031 a

282 3065 338 3129 dcc
369 3067 497 3131 traditis
528 3067 605 3130 bene
627 3067 702 3131 uti?
719 3083 721 3093 ’
737 3071 817 3147 quod
847 3065 997 3148 ultimum
1021 3069 1214 3133 remedium?
1248 3073 1328 3150 quod
1352 3069 1414 3134 nisi

216 3168 391 3244 ,saeclum
407 3173 522 3253 'postea
545 3169 646 3236 facere
670 3170 750 3252 qnod
773 3172 931 3252 poeniteas
953 3171 985 3236 te
1008 3191 1067 3237 non
1084 3173 1155 3236 ante
1178 3172 1313 3236 fecisse?
1337 3175 1450 3240 durass

283 3267 393 3353 aitquis
421 3275 515 3354 putat
545 3293 609 3338 essa
636 3291 714 3356 quac
736 3273 821 3338 dicor
853 3277 939 3353 dura,
962 3276 1063 3358 'plane
1087 3275 1165 3338 dura
1188 3276 1413 3351 existimentur,

274 3375 343 3438 ‘nIsi
372 3375 455 3440 tatia
489 3379 581 3454 sunt,
615 3378 717 3441 utin
751 3377 979 3460 comparatione
1014 3378 1201 3460 apostolicae
1235 3381 1414 3444 seueritatis

272 3478 391 3543 moitis
424 3497 459 3542 ac
492 3480 623 3545 remissa
657 3481 835 3545 uideantur.
878 3481 1035 3564 apostolus
1068 3483 1151 3546 enim
1182 3482 1221 3546 ad
1242 3482 1415 3563 planctum

282 3581 396 3645 diuites
430 3585 531 3658 uocat,
567 3601 622 3647 nos
657 3583 696 3646 ad
715 3575 920 3648 remedium:
958 3585 1113 3666 apostolus
1149 3586 1274 3650 diditias
1289 3615 1292 3624 2
1308 3586 1415 3670 ignem

385 3751 553 3828 euroeae
592 3719 668 3805 sem.
689 3754 713 3830 r,

332 3909 349 3962 5
368 3923 418 3961 nox
436 3912 478 3961 est
497 3909 523 3960 Β
627 3911 643 3962 6
661 3909 734 3979 deus]
755 3911 805 3963 dn's
824 3911 881 3978 (sic,
895 3925 952 3964 coa
964 3911 1051 3964 aotam
1062 3913 1137 3966 ‘teste
1148 3913 1275 3982 Bolpeto’
1293 3919 1325 3968 ert
1339 3917 1416 3983 apoc

280 3993 436 4058 Halmium)
466 3994 493 4046 Β
605 3995 620 4047 7
648 3998 813 4064 concupisces
840 4012 875 4050 coc
902 3997 1067 4063 concupiscis
1095 4014 1164 4052 corr.
1191 4003 1264 4053 m.2
1291 4001 1347 4052 AB

281 4081 315 4134 12
333 4083 479 4134 commonit
495 4085 591 4148 prona.
610 4082 653 4133 nit
670 4087 696 4134 ct
713 4097 733 4137 a.
752 4099 804 4138 scr.
822 4100 857 4136 aa.
876 4085 896 4135 2
922 4083 1014 4135 ruerit
1032 4085 1059 4136 A
1164 4084 1197 4137 13
1215 4088 1352 4152 apostolus
1371 4087 1415 4140 hic

202 4227 203 4230 Ἴ
280 4167 328 4220 sert
354 4165 460 4220 additia
486 4168 669 4236 m.1-eipais
687 4169 913 4236 compositionis
937 4171 964 4222 A
1061 4171 1101 4223 ·15
1129 4171 1292 4238 possiderint
1319 4172 1347 4224 B

283 4251 408 4322 torques]
428 4254 474 4321 qui
493 4254 520 4307 B
602 4255 636 4308 18
653 4255 866 4308 incolomitatem
884 4256 912 4309 B
1000 4257 1033 4310 19
1051 4255 1207 4324 desperatae
1219 4273 1254 4310 ca
1266 4258 1416 4326 disparatae

179 4384 181 4394 ,
281 4351 352 4410 corr.
370 4355 403 4390 m.
423 4342 443 4392 2
466 4340 521 4392 AB
624 4341 659 4394 24
686 4341 751 4407 quid
774 4341 828 4394 nisi
851 4341 882 4394 -B
986 4342 1144 4397 tenattem
1168 4357 1202 4398 coc
1226 4344 1320 4398 saltim
1344 4361 1416 4400 corr.

282 4439 316 4477 m.
335 4425 356 4476 2
373 4424 401 4476 A
