3178 5100
295 479 359 544 182
604 513 608 522 ·
782 475 940 532 Saluiani

294 666 359 730 iam
380 665 506 749 quidem
532 683 626 750 supra
656 666 720 732 diri
749 667 927 749 saepissime
951 667 984 731 in
1007 666 1055 733 dei
1078 669 1191 750 populo
1215 669 1310 734 etiarn
1334 667 1427 733 nnius

296 767 418 834 sueinus
446 771 571 851 pestem
603 768 700 837 luisse
729 769 911 848 multorum,
948 769 1031 836 siout
1059 790 1095 835 ex
1124 771 1208 836 furto
1232 772 1337 836 thar
1359 771 1425 836 ruit

294 872 435 955 populns,
455 871 552 937 'siout
581 889 617 937 ex
646 873 712 937 uelo
735 871 838 938 Saulis
874 877 944 938 orta
977 875 1025 940 est
1060 874 1250 958 pestilentia,
1284 875 1367 939 sieut
1389 893 1425 939 su

295 974 395 1040 saneti
433 974 534 1040 Dauid
572 973 820 1042 dinumeratione
857 978 1046 1043 mortalitas.
1092 977 1139 1042 ita
1172 979 1221 1042 ost
1257 971 1340 1042 enim
1374 977 1425 1043 dei

292 1079 425 1145 eoelesia
448 1080 535 1161 quasi
559 1079 676 1145 oeulos.
710 1095 784 1143 nam
807 1083 843 1143 ut
865 1081 897 1145 in
917 1081 1043 1146 oeulum
1068 1080 1191 1146 etiamsi
1206 1097 1304 1163 parua
1319 1080 1425 1147 sordes
1448 1103 1462 1142 ⁵

294 1176 425 1261 ineidat,
441 1231 444 1238 »
458 1181 561 1248 totum
595 1184 703 1247 lumen
736 1180 893 1264 oboaeuat,
927 1181 972 1248 sie
997 1182 1030 1247 in
1053 1183 1264 1250 eeclesiastico
1299 1201 1425 1268 eorpore

262 1289 274 1298 ’“
295 1283 420 1350 etiamsi
443 1284 533 1367 pauci
553 1285 677 1350 sordida
699 1284 828 1362 faciant,
852 1303 945 1367 prope
967 1287 1071 1350 totum
1093 1286 1300 1352 eeclesiastioi
1321 1287 1425 1369 splen·

244 1389 284 1455 82
294 1387 378 1450 doris
411 1387 518 1452 lumen
554 1387 729 1455 obfuscant.
774 1391 806 1452 et
840 1388 912 1456 ideo
944 1388 1085 1457 saluatur
1119 1389 1183 1472 ipse
1217 1389 1425 1474 prineipulem

293 1491 440 1556 ecelesiae
473 1492 597 1574 partem
631 1491 755 1555 oculum
785 1491 959 1557 nominauit
987 1493 1110 1558 dieensr
1145 1493 1313 1558 lucerna
1344 1511 1425 1557 eor-

293 1593 401 1674 poris
435 1593 495 1658 tui
529 1597 587 1658 est
621 1595 761 1660 oeulus
795 1598 895 1661 tuus.
938 1595 972 1660 si
1005 1597 1127 1661 fuerit
1161 1597 1299 1662 oeulus
1332 1597 1462 1662 tunso

292 1697 480 1781 simplex,
504 1699 784 1781 totumoorpus
807 1701 912 1764 tuum
929 1699 1213 1765 luoidumerit:
1238 1699 1271 1765 si
1295 1703 1426 1764 antem

289 1800 434 1866 ooulus
467 1800 561 1866 tuus
598 1819 763 1883 nequam
800 1801 941 1881 inerit,
979 1804 1105 1868 totum
1140 1820 1279 1884 eorpus
1314 1797 1425 1870 tuum

292 1903 545 1969 tenebrosum
575 1905 664 1969 erit.
706 1907 788 1970 unde
829 1909 859 1969 et
900 1906 1058 1986 spostolus
1097 1905 1276 1985 nescitis,
1310 1905 1425 1988 inquit,

292 2003 385 2088 quia
411 2005 604 2072 modinum
624 2007 875 2074 ⁴fermentum
908 2009 1034 2073 totum
1061 2025 1228 2074 massam
1257 2025 1427 2074 eorunm·
1580 2077 1581 2088 χ

292 2109 381 2192 pit?
410 2110 553 2192 quamuis
576 2129 633 2196 ego
656 2111 722 2176 illio
744 2129 806 2176 non
828 2112 986 2177 modinum
1010 2112 1048 2176 de
1069 2111 1234 2191 heumalo,
1257 2115 1313 2178 sed
1329 2111 1463 2176 nimione
1580 2099 1581 2102 ’

293 2213 391 2279 fuisse
414 2215 526 2290 diuum,
550 2233 611 2279 non
634 2215 708 2295 quio
729 2216 841 2282 molles
862 2213 992 2298 plurimi
1013 2211 1149 2295 fuerunt,
1173 2217 1227 2281 sed
1250 2217 1323 2298 quia
1344 2217 1426 2280 mol·

292 2317 377 2384 lities
407 2337 576 2404 pannorum
606 2321 690 2385 lates
720 2323 768 2384 est
797 2320 1015 2403 plurimorum.
1050 2335 1125 2384 narn
1154 2321 1212 2384 etsi
1241 2319 1333 2401 penei
1362 2320 1426 2387 sint

293 2423 347 2504 qui
369 2425 552 2489 dedecorosa
581 2423 769 2503 sustineant,
799 2425 893 2489 multi
917 2425 992 2489 sunt
1014 2421 1068 2504 qui
1090 2439 1260 2505 pannorum
1283 2423 1425 2496 sordibus

292 2525 482 2609 polluuntur.
513 2528 596 2591 siout
619 2527 704 2592 enim
726 2545 790 2593 une
811 2527 959 2598 meretrix
982 2529 1098 2592 multos
1117 2526 1320 2593 fornicatores
1337 2526 1424 2604 feeit,

292 2630 339 2694 sio
360 2629 529 2712 plurimam
563 2629 661 2694 ferme
689 2631 803 2713 populi·
826 2633 948 2714 purtem
976 2630 1125 2713 inquinat
1153 2647 1326 2714 pauoornm
1350 2629 1465 2696 effe-eo

293 2731 484 2798 minutorum
511 2732 719 2799 abominanda
746 2735 921 2818 permixtio.
959 2735 991 2800 et
1018 2733 1121 2800 neseio
1144 2735 1198 2817 qui
1221 2747 1330 2799 eorum
1353 2727 1424 2798 ante

293 2835 388 2901 deum
422 2835 591 2902 deteriores
625 2835 698 2914 sint,
733 2855 805 2905 oum
840 2838 963 2921 aequali
995 2841 1028 2904 in
1060 2840 1185 2922 seriptis
1218 2838 1314 2904 suerio
1342 2841 1425 2904 sorte

293 2940 505 3006 damnentur:
526 2957 649 3023 neque
672 2937 960 3020 enimmolless
982 2941 1100 3024 inquit,
1121 2957 1255 3025 meque
1278 2960 1424 3007 maseu-

242 3039 420 3108 83l‘oru'm
449 3043 732 3109 eonoubitores
758 3061 920 3128 regnum
949 3045 1009 3110 dei
1036 3045 1310 3128 possidebunt.
1345 3044 1425 3110 illud

294 3165 365 3231 ergo
386 3148 488 3232 magis
510 3145 785 3232 ingemescendum
797 3147 896 3231 'atque
913 3149 1085 3234 lugendum
1101 3151 1157 3230 est,
1181 3149 1263 3233 qnod
1278 3149 1344 3215 tale
1367 3148 1424 3213 lroo
1436 3161 1466 3207 se

293 3252 394 3315 seelus
417 3251 534 3318 crimen
559 3252 655 3317 etiam
677 3251 775 3317 totius
797 3248 844 3322 rei
866 3247 1010 3336 publicae
1032 3254 1198 3321 uidebatur
1219 3255 1252 3318 et
1270 3252 1425 3320 'uniuersa

292 3354 428 3420 Romani
459 3355 593 3424 nominis
620 3355 758 3438 dignitas
787 3355 933 3426 fooiuoris
963 3357 1133 3440 prodigiosi
1153 3355 1345 3424 inurebatur
1373 3355 1425 3420 in-

292 3457 398 3528 famia.
432 3475 503 3527 oum
526 3458 610 3528 euim
632 3457 818 3526 muliebrem
840 3459 984 3528 habiturn
1008 3459 1070 3526 uiri
1094 3462 1256 3528 sumerent
1273 3461 1307 3526 et
1322 3460 1425 3544 magis

395 3687 547 3768 dIosnel
634 3688 772 3758 41Reg.
792 3689 833 3742 19.
869 3689 983 3766 IlReg.
1001 3689 1036 3744 24
1122 3689 1263 3746 susten..
1278 3691 1303 3758 6,
1322 3691 1357 3744 22

294 3775 327 3830 13
350 3771 539 3842 ucenae
623 3775 869 3858 2310011110

344 3988 361 4041 2
385 3987 459 4042 furto
477 4003 512 4042 en
529 3988 650 4043 iurtuA
669 4001 737 4043 eoru.
755 3991 826 4044 m.2
919 3983 946 4043 ‘a
972 3990 1064 4043 exorta
1092 3989 1120 4043 B
1222 3991 1240 4044 4
1263 3990 1350 4044 annoti
1374 4006 1427 4047 oon.

292 4073 375 4142 B(T)
479 4074 665 4128 numeratione
687 4075 715 4128 B
818 4073 957 4130 {osor-deav
970 4089 1005 4129 eu·-
1027 4075 1113 4129 sordis
1138 4077 1166 4127 A
1184 4085 1255 4131 eoru.
1272 4079 1346 4130 aad
1371 4082 1427 4130 s'or-

292 4158 334 4214 dis
351 4159 380 4214 B
472 4159 847 4215 1uoeulueenusruerit13
880 4195 882 4203 ι
917 4159 975 4215 ’15
992 4161 1053 4232 ego]
1073 4173 1135 4228 engo
1153 4162 1181 4214 A
1274 4161 1306 4215 16
1324 4161 1428 4216 fuerint

293 4244 321 4299 B
339 4246 412 4316 (inei
432 4247 470 4314 A>
568 4246 698 4305 mollities
715 4247 771 4301 AB
797 4249 800 4261 '
869 4245 901 4300 lu
919 4245 995 4301 labes
1012 4261 1046 4302 eor
1063 4246 1132 4301 labis
1150 4247 1179 4300 A
1193 4251 1357 4303 currem

294 4331 389 4388 sint-e.
407 4346 460 4390 eor.
477 4350 495 4387 u
513 4350 547 4388 m.
565 4336 583 4388 2
601 4333 629 4387 A
656 4333 720 4386 sunt
737 4332 765 4386 Β
864 4332 898 4386 22
917 4333 993 4388 sorde
1010 4334 1038 4388 A
1136 4331 1172 4388 25
1189 4333 1429 4403 ingemeseendnm

294 4417 341 4473 aed
358 4435 373 4473 e
389 4419 488 4475 detine
504 4421 563 4490 epil.
581 4425 649 4475 mut.
667 4420 699 4474 iou
717 4419 727 4472 i
745 4419 813 4473 m.2
829 4420 858 4473 A
955 4428 959 4464 ῑ
