3132 5096
264 403 306 473 88
582 472 585 483 Ι
753 399 906 456 soluisni

264 610 383 663 sumus.
422 591 498 674 quin
531 591 634 674 potius
666 608 724 658 neo
757 591 900 674 cultores,
935 591 963 657 si
989 591 1076 670 moli,
1111 594 1184 676 quia
1206 593 1308 658 cultor
1331 593 1394 658 diui

264 716 328 764 non
348 699 450 780 potest
478 696 580 760 malus
609 695 718 764 oultor.
755 713 855 778 noque
883 694 967 762 enim
990 695 1066 764 oolit
1087 697 1141 780 qui
1161 715 1229 762 rom
1250 697 1394 762 sanetum

264 819 326 866 non
359 799 461 869 sarote
496 799 586 879 solit,
620 816 741 881 sopor
770 798 826 864 hou
854 798 1029 864 accusatrix
1062 799 1162 866 nostri
1184 803 1233 864 est
1255 800 1305 866 lor
1327 799 1395 883 ipsu

265 921 361 986 quam
383 902 525 971 oolimus.

213 1046 256 1113 65
305 1041 394 1106 XIV.
429 1041 562 1106 Remoto
590 1057 664 1123 orgo
692 1037 772 1123 logis
794 1043 1025 1124 praerogatiua,
1056 1059 1135 1123 quos
1157 1059 1213 1106 nos
1235 1043 1292 1106 out
1314 1039 1429 1106 nihils

266 1147 390 1211 omuino
421 1145 552 1210 adiuuat
581 1145 637 1208 out
665 1144 760 1210 etism
788 1144 871 1208 iusto
898 1143 1164 1209 animaduersione
1195 1143 1393 1223 oondommt

264 1249 364 1314 ritum
395 1246 598 1312 barbarorum
628 1247 721 1329 utque
751 1250 927 1314 nostrorum
956 1247 1060 1312 studia
1082 1265 1184 1312 moros
1206 1247 1288 1312 uitis
1310 1263 1395 1312 oom-

264 1369 420 1436 psromus.
457 1350 568 1414 iniusti
595 1350 669 1415 sunt
691 1347 820 1414 barbari
843 1354 874 1414 ot
896 1367 952 1414 nos
977 1350 1033 1415 hoo
1056 1367 1179 1430 sumus,
1208 1349 1298 1415 susri
1320 1353 1397 1416 sunt

263 1453 392 1522 barbari
414 1455 445 1517 ot
466 1470 523 1518 nos
550 1453 609 1517 hoo
637 1471 758 1525 sumus,
789 1452 930 1520 infidolos
960 1457 1034 1519 sunt
1055 1453 1180 1519 barbari
1204 1455 1235 1518 ot
1257 1470 1312 1518 nos
1337 1453 1397 1518 hoo

265 1575 388 1642 sumus,
412 1554 516 1639 oupidi
544 1557 619 1621 sunt
641 1557 764 1622 turbari
787 1558 819 1621 ot
839 1575 895 1621 nos
918 1557 976 1622 hoo
998 1575 1121 1636 sumus,
1144 1555 1298 1638 impudici
1320 1559 1431 1621 suntro

265 1660 390 1726 barbari
419 1661 451 1724 ot
478 1677 534 1724 nos
567 1659 624 1724 hoo
656 1677 780 1744 sumus,
812 1659 955 1726 omnium
989 1659 1122 1742 deniquo
1156 1659 1397 1743 improbitatum

213 1764 360 1846 tbutquo
390 1761 611 1844 impuritatum
642 1763 717 1828 sunt
745 1763 868 1828 barbari
898 1765 929 1826 ot
951 1782 1006 1828 uos
1034 1762 1092 1828 hoo
1114 1779 1230 1828 sumus.
1268 1765 1323 1827 sod
1345 1781 1396 1826 ro-

266 1866 411 1951 sponduri
442 1865 578 1931 fortusse.
608 1867 724 1948 possit:
760 1885 832 1951 orgo
861 1867 888 1931 si
917 1885 1009 1948 poros
1042 1866 1229 1932 uitiositato
1251 1866 1396 1932 barbaris

266 1988 383 2052 sumus,
407 1989 462 2035 our
484 1985 545 2034 nori
568 1988 677 2034 sumus
700 1969 798 2034 stium
820 1969 939 2035 uiribus
954 1973 1068 2053 poros?
1092 1988 1165 2035 oum
1180 1970 1263 2035 onim
1279 1968 1395 2034 similis

267 2072 309 2138 rit
330 2073 515 2154 improbitas
543 2075 637 2155 utque
659 2072 743 2137 idem
772 2073 892 2152 reatus,
929 2075 984 2138 aut
1006 2077 1072 2138 tam
1096 2073 1192 2138 furtos
1215 2075 1429 2139 doboromusrr

266 2195 332 2242 osso
354 2193 409 2242 nos
443 2193 537 2258 quam
569 2177 642 2240 sunt
674 2175 740 2254 illi,
775 2175 831 2240 aut
858 2177 940 2241 curto
967 2179 1035 2242 tum
1068 2177 1199 2242 inualidi
1221 2194 1315 2259 quam
1338 2191 1396 2238 nos

265 2298 372 2346 sumus
394 2279 443 2344 illi
466 2298 532 2346 osso
556 2280 710 2346 doboront.
748 2298 858 2346 uomm
882 2283 946 2358 ost,
970 2298 1082 2362 sopor
1105 2280 1163 2344 hoo
1185 2279 1335 2362 superest,
1359 2278 1396 2343 ut

263 2383 313 2448 iili
334 2371 529 2450 nocentiores
546 2384 611 2448 sint
632 2384 687 2466 qui
709 2383 905 2449 infirmiores.
944 2384 1098 2466 quomodo
1120 2383 1179 2449 hoo
1200 2384 1394 2466 probamus?

263 2486 384 2553 soitioot
404 2488 488 2570 quio,
510 2489 547 2551 ut
569 2487 712 2569 superius
735 2485 834 2551 toouti
856 2505 974 2570 sumus,
998 2487 1103 2552 omnia
1119 2507 1156 2551 ox
1171 2485 1285 2552 iudioio
1301 2487 1395 2552 doum

263 2589 365 2656 fsooro
398 2589 652 2656 monstrauimus.
691 2591 717 2654 si
749 2591 847 2664 onim,
885 2592 922 2654 ut
943 2591 1098 2671 soriptum
1126 2592 1189 2674 ost,
1223 2591 1264 2654 in
1292 2588 1430 2653 omniu

263 2693 350 2758 looo
381 2693 485 2759 oouli
513 2691 660 2758 domini
689 2691 949 2775 spooulantur
975 2692 1099 2758 bonos
1126 2696 1166 2757 ot
1193 2693 1335 2768 malos,
1364 2693 1396 2755 st

265 2797 353 2888 iurta
367 2794 542 2879 apostolum
564 2796 759 2861 iudioium
781 2794 843 2860 doi
866 2798 926 2860 ost
949 2797 1158 2862 secundum
1180 2795 1396 2862 ueritatem

263 2897 304 2964 in
328 2917 456 2966 omnes
487 2900 625 2978 mulos,
660 2898 805 2965 uidemus
833 2916 904 2980 nos,
939 2900 994 2982 qui
1022 2918 1084 2965 non
1115 2899 1289 2965 desinimus
1311 2899 1397 2964 mais

365 3114 400 3168 20
417 3113 498 3168 Pmu.
519 3113 560 3180 15,
578 3115 596 3168 3
699 3113 734 3168 22
753 3114 828 3170 Rom.
848 3114 873 3180 2,
892 3114 908 3167 2

316 3309 332 3364 1
355 3309 386 3369 εἰ,
401 3310 430 3364 Β
448 3325 519 3367 corr.
536 3303 578 3366 ‘ooo
601 3310 666 3379 quio
774 3308 790 3364 2
813 3324 871 3363 rom
888 3333 901 3364 ι
919 3323 973 3362 rrorr
991 3325 1030 3364 sn
1049 3308 1115 3364 ootit
1139 3308 1182 3376 A;
1210 3309 1293 3364 otiam
1316 3307 1398 3363 initio

263 3409 316 3464 sep.
340 3411 515 3464 supposes
535 3396 623 3451 uerbo
645 3396 677 3450 ἑκ
700 3395 750 3450 boo
772 3393 830 3450 cot
852 3394 928 3451 tussa
944 3399 1011 3450 suot
1114 3394 1132 3448 5
1157 3396 1274 3448 remotus
1301 3395 1329 3448 A

265 3480 299 3534 10
324 3480 446 3550 inpudici
465 3483 523 3550 (sio)
543 3484 608 3537 sunt
631 3481 740 3536 barbari
763 3483 791 3535 ot
813 3497 861 3535 nos
885 3480 935 3535 hoo
952 3496 1045 3534 sumus
1062 3481 1091 3535 A
1107 3481 1140 3534 o'oo
1159 3481 1291 3548 inferiore
1308 3495 1398 3551 usurp.

264 3570 332 3622 m.2
350 3568 454 3634 (eadem
471 3583 522 3624 om.
543 3569 578 3636 Τ)
682 3567 716 3621 12
733 3567 922 3635 impuritatum
941 3566 1165 3634 suut,AB(Tt):
1183 3566 1257 3634 ploni
1275 3567 1398 3621 inseren-

263 3655 330 3710 dum
343 3659 409 3722 post
426 3653 617 3722 impuritatum
634 3654 666 3710 tu
682 3670 699 3710 o
716 3652 839 3724 maraine
856 3651 1004 3720 adroripsit
1021 3653 1209 3708 Brassioauus
1225 3668 1305 3722 quem
1322 3651 1399 3706 doin-

263 3757 326 3812 oeps
343 3757 404 3796 oum
422 3741 483 3796 edd.
499 3747 526 3796 et
537 3741 670 3796 Hutmrtos
687 3745 797 3796 oeoutus
814 3745 870 3810 θείς
888 3741 925 3808 of.
943 3744 1036 3794 tumeo
1052 3755 1122 3808 puae
1140 3739 1349 3807 disputavimus
1366 3739 1399 3794 o'oo

265 3826 427 3886 bito-Ber.
443 3843 472 3894 p.
490 3830 530 3884 11.
554 3831 581 3880 ot
603 3843 675 3895 quoe
698 3841 786 3896 supra
807 3826 840 3882 iu
862 3824 929 3882 adso.
952 3825 1013 3880 orit.
1032 3824 1069 3878 ad
1088 3824 1160 3880 158
1178 3824 1330 3880 adiecimus

264 3912 420 3982 respondero
445 3913 474 3974 A
497 3912 572 3981 (fort.
595 3913 770 3968 recusutum
791 3913 851 3980 fuit
873 3917 899 3966 et
922 3910 1095 3970 pontenurum
1117 3909 1205 3980 possit
1224 3925 1281 3986 pro
1304 3909 1399 3978 possit,

262 3999 330 4068 quia
347 4005 372 4054 et
388 3999 608 4068 surreptum.-
625 3998 671 4054 sod
689 4000 789 4066 eudem,
807 3998 912 4071 iuquis3
934 3998 985 4065 cfr.
1004 3997 1068 4052 aun.
1088 3997 1148 4052 ortt.
1166 3997 1206 4051 ud
1226 3996 1273 4052 VI
1282 3999 1330 4062 39)

264 4086 298 4140 13
320 4085 434 4142 fortusse
458 4085 546 4156 possit
563 4083 659 4141 addim
676 4086 708 4140 io
724 4102 773 4159 mp.
792 4101 827 4140 m.
845 4087 865 4140 2
892 4083 991 4154 uliquis
1012 4083 1092 4152 (mato
1110 4087 1202 4140 orrum
1220 4097 1255 4138 eoo
1273 4082 1324 4149 ius.
1344 4087 1398 4156 ort·

264 4171 430 4242 respondero)
448 4173 476 4227 A
579 4171 702 4226 barbaris
720 4187 755 4226 eor
773 4170 881 4226 barbari
897 4171 925 4225 A
943 4185 1012 4226 cour.
1030 4186 1064 4226 or.
1076 4172 1102 4237 2,
1121 4169 1187 4221 item
1215 4169 1249 4223 15
1266 4170 1347 4237 atquo
1364 4182 1398 4222 ox

264 4271 333 4326 quae
431 4259 465 4312 rs
482 4244 525 4314 rm
543 4258 610 4313 mou
626 4258 655 4312 s
762 4257 794 4312 19
811 4257 876 4325 quis
893 4256 920 4310 B
936 4271 958 4311 s.
972 4257 989 4310 r.
1093 4255 1128 4310 23
1146 4253 1285 4310 mutamus
1302 4254 1331 4308 A

263 4341 411 4397 desinimus
429 4359 464 4398 eoo
482 4344 630 4400 desinemus
648 4344 676 4398 A
695 4358 764 4399 corr.
783 4359 817 4398 m.
836 4345 856 4397 2
