3134 5098
475 495 512 550 de
530 495 666 564 gubern.
684 496 738 550 dei
759 495 788 550 Π
806 501 821 560 5
840 495 915 550 5-9.
1211 495 1253 562 33

131 686 316 751 meritorum
346 686 529 751 diuersitate
558 687 705 751 tractare.
739 683 796 748 sed
825 684 928 766 accipe
951 687 1057 750 tamen
1078 683 1116 750 de
1138 684 1198 750 hac
1219 693 1282 759 rei

130 787 252 870 plenius
274 788 500 854 testimonium.
530 787 610 853 dicit
632 788 671 853 ad
694 786 787 852 deum
802 787 925 868 patrem
940 785 975 851 in
990 786 1108 869 psalmo
1124 786 1253 871 spiritus

130 895 273 956 mustus:
306 889 372 974 qui
404 893 509 976 regis
542 890 715 969 Israhel,
753 889 932 956 intende.
978 891 1098 957 Israhel
1134 890 1253 956 ‘uidens

129 994 230 1061 deum'
253 994 497 1077 interpretatur:
522 998 616 1078 quem
636 995 744 1076 utique
767 1013 838 1058 oum
854 993 1021 1061 Christiani
1037 995 1099 1060 fids
1115 995 1147 1058 et
1163 993 1253 1061 corde

111 1097 274 1178 enideant,
299 1099 352 1181 qui
374 1097 509 1163 fideliter
532 1098 677 1177 eredunt,
707 1097 781 1163 libet
802 1098 992 1181 gubernator
1010 1099 1154 1164 omnium
1177 1101 1253 1166 deus

129 1201 185 1278 sit,
216 1201 282 1266 illis
312 1201 418 1266 tamen
445 1200 644 1284 peculiariter
672 1201 812 1285 regImon
834 1201 986 1284 praestari
1008 1221 1026 1267 a
1048 1203 1105 1268 deo
1128 1202 1253 1279 dicitnr,
1327 1248 1330 1253 -

128 1304 183 1387 qni
204 1305 272 1388 regi
293 1303 493 1386 peculiariter
515 1323 533 1370 a
555 1305 721 1370 diuinitate
744 1307 932 1370 mereantur.
969 1305 1104 1370 undeet
1126 1307 1161 1370 tu
1183 1305 1252 1387 qui-

129 1425 263 1489 cumque
295 1407 350 1472 ille
378 1427 425 1486 es,
460 1409 485 1472 si
509 1405 707 1473 Christianus
735 1426 781 1488 es,
816 1425 943 1474 necesse
965 1409 1013 1474 est
1034 1410 1070 1474 ut
1091 1408 1123 1472 te
1143 1409 1212 1491 regi
1235 1427 1253 1473 a

128 1511 185 1575 deo
213 1510 330 1575 credas.
368 1511 396 1575 si
427 1511 532 1577 antem
559 1511 724 1593 gubernari
753 1513 786 1575 te
808 1530 827 1576 a
850 1511 907 1576 deo
934 1529 1006 1576 eum
1028 1513 1139 1577 ceteris
1162 1510 1253 1578 Obri-

99 1613 242 1679 ostiaris
263 1614 391 1678 omnino
413 1631 474 1678 non
496 1616 600 1696 putas,
622 1631 745 1678 necesse
768 1614 816 1678 est
838 1612 924 1680 extra
939 1633 1045 1680 omnes
1060 1614 1253 1682 Christianos

128 1721 159 1779 te
181 1733 250 1781 esse
273 1733 449 1800 cognoscas.
483 1717 537 1782 scd
559 1717 585 1782 si
608 1715 697 1794 illud,
721 1717 874 1799 utsupra
896 1719 961 1782 iam
983 1718 1127 1796 diximus,
1150 1717 1285 1800 magis8

129 1818 267 1901 quaeris,
292 1820 372 1902 quod
395 1823 432 1884 ad
455 1839 562 1884 omnes
584 1819 740 1899 homines,
764 1839 826 1885 non
849 1821 931 1902 quod
953 1821 992 1886 ad
1014 1820 1095 1888 solos
1117 1820 1254 1902 pertinet

129 1920 334 2005 Christianos,
359 1940 426 1988 ecce
442 1922 601 1988 euidenter
615 1922 695 1987 dicit
709 1925 856 1989 uolumen
871 1941 995 1989 sacrum
1010 1925 1123 1989 cuncta
1138 1922 1253 1989 cotidie

129 2029 206 2089 nutu
229 2025 408 2090 diuinitatis
430 2025 497 2108 regi
520 2028 552 2090 et
572 2026 798 2093 incessabiliter
820 2046 840 2092 a
861 2028 917 2093 deo
940 2027 1045 2094 omnia
1071 2026 1253 2111 gubernari3

100 2129 209 2211 eipso
233 2128 349 2202 enlm,
381 2130 498 2210 inquit,
525 2129 667 2212 diligit
690 2130 898 2198 consilium
921 2134 959 2196 et
982 2129 1254 2212 disciplinam.

129 2250 183 2296 neo
206 2235 257 2295 est
289 2231 374 2295 enim
404 2231 485 2296 alius
516 2232 606 2314 deus,
641 2233 729 2299 ouius
756 2253 829 2298 cura
852 2235 898 2299 est
920 2236 957 2300 de
979 2233 1131 2300 omnibns.
1170 2251 1253 2297 cum

128 2335 179 2400 sis
203 2353 310 2418 ergo,
334 2334 447 2417 inquit,
466 2335 614 2415 iustus,
637 2336 887 2402 insteomnia
907 2336 1086 2418 disponis
1110 2340 1148 2399 et
1170 2353 1252 2398 oum

128 2455 266 2522 magna
300 2441 534 2504 reuerentia
571 2441 747 2521 disponis
784 2458 862 2505 nos.
901 2457 970 2504 eece
1004 2437 1101 2504 habes
1135 2439 1253 2521 iugIter

129 2540 342 2622 disponentem
378 2543 471 2609 deum
507 2543 623 2623 iugiter
660 2543 908 2626 gubernantem:
946 2539 1089 2624 quamuis
1125 2541 1159 2604 in
1191 2540 1253 2606 isto

98 2643 299 2725 accepturae
320 2646 388 2710 loco
412 2664 472 2711 non
492 2646 676 2730 gubernatio
692 2651 818 2714 tantum
835 2665 921 2712 sacra
935 2650 989 2712 sed
1005 2646 1100 2712 etiam
1116 2644 1253 2726 dignitas

128 2747 303 2812 declaretur
318 2748 463 2814 humana.
487 2749 520 2814 in
535 2749 592 2815 hoe
609 2751 693 2815 enim
712 2750 793 2832 quod
810 2752 855 2815 ait
880 2749 1023 2832 ‘disponis
1039 2748 1102 2814 nos'
1127 2748 1254 2815 dielnae

127 2849 175 2914 uis
198 2849 442 2932 gubernationis,
466 2852 498 2917 in
519 2853 578 2917 hoo
592 2856 698 2918 autem
721 2853 802 2935 quod
829 2853 906 2918 ‘oum
930 2870 1046 2936 magna
1067 2850 1249 2916 reuerentia’

128 2953 250 3016 culmen
284 2952 439 3020 hnmanae
468 2955 643 3020 ostenditur
673 2954 847 3038 dignitatis.
880 2953 958 3020 alibi
982 2973 1101 3038 quoque
1124 2954 1155 3020 in
1178 2959 1309 3036 pro-9-

126 3057 237 3139 pheta:
273 3057 460 3138 numquid
490 3076 565 3122 non
595 3058 763 3141 caelum,
795 3057 913 3139 inquit,
945 3060 982 3122 et
1004 3060 1152 3122 terram
1183 3073 1251 3138 ego
1289 3055 1295 3065 ’
1341 3045 1350 3064 ”

97 3159 294 3241 reimpleo?
331 3177 386 3226 our
418 3160 522 3226 antem
559 3163 672 3226 cunata
708 3160 834 3242 implet,
871 3161 937 3243 ipse
971 3160 1126 3225 declarat:
1160 3160 1251 3240 quia

107 3263 331 3356 ¹uobiscum
364 3279 460 3347 sum,
495 3262 612 3347 inquit,
646 3267 688 3328 ut
722 3263 856 3328 saluos
890 3262 1031 3328 faciam
1064 3281 1142 3327 nos.
1181 3282 1249 3328 ecce

128 3367 209 3430 enim
233 3384 296 3431 non
323 3366 414 3430 modo
443 3366 583 3446 regimen
614 3383 705 3431 suum
735 3365 879 3430 dominus
902 3365 936 3429 et
957 3364 1172 3448 impletionem
1194 3367 1248 3430 sed

127 3468 222 3534 etiam
245 3469 311 3533 uim
334 3487 371 3533 ac
393 3468 580 3534 beneficium
602 3468 701 3552 Ipsius
723 3468 955 3550 adimpletionis
978 3469 1131 3546 ostendit;
1166 3469 1255 3542 huno

126 3574 206 3637 enim
235 3572 375 3638 frustum
403 3575 437 3637 in
465 3591 497 3638 se
519 3572 613 3639 habet
635 3572 813 3638 diuinitatis
841 3571 1001 3656 impletio,
1029 3573 1066 3638 ut
1086 3573 1191 3638 saluet
1213 3589 1249 3635 ea

96 3693 203 3758 acquae
227 3675 449 3757 adimplentur.
483 3680 514 3741 et
537 3676 606 3740 ideo
629 3675 662 3740 in
684 3676 894 3759 apostolorum
914 3675 1034 3741 autibus
1048 3675 1248 3742 beatissimus

226 3847 243 3900 3
270 3845 341 3901 Psal.
366 3845 446 3912 ῖ9,2
552 3845 583 3898 15
606 3845 705 3899 Eccles.
729 3845 776 3911 39,
802 3844 835 3898 10
938 3846 971 3898 16
997 3845 1059 3915 Sap.
1083 3845 1183 3912 12,15

126 3931 158 3985 24
179 3931 298 3986 Hieram.
320 3931 367 4000 23,
385 3931 419 3984 24
521 3931 556 3984 25
576 3929 691 3985 Hierem.
709 3929 807 3994 42,·11
848 3947 852 3958 ’

175 4087 322 4141 ltractari
341 4087 396 4140 AB
482 4085 661 4155 8teregiA:
679 4086 777 4155 regiB
864 4086 895 4140 11
913 4088 941 4139 te
959 4102 1009 4140 om.
1027 4085 1055 4140 A
1140 4083 1172 4138 12
1190 4099 1249 4151 per-

126 4170 209 4227 tineat
228 4175 257 4228 B
343 4173 376 4227 16
393 4176 434 4226 est
444 4173 516 4227 enlm
533 4173 562 4227 B
574 4179 599 4228 et
610 4173 638 4227 A
654 4173 701 4228 scd
713 4173 745 4226 iu
755 4173 805 4227 boc
815 4173 897 4242 sigua
908 4171 1130 4241 transpositionis
1142 4169 1249 4226 adiecta

126 4264 189 4314 suut
292 4260 326 4313 21
350 4258 469 4327 disponit
489 4258 545 4312 AB
650 4259 691 4312 nis
714 4258 823 4312 diuiuae
844 4257 872 4313 B
975 4256 1182 4312 aerummis

126 4343 159 4396 25
180 4345 278 4414 impleo
301 4345 368 4399 dicit
392 4346 448 4414 (sic)
472 4345 501 4400 A
600 4345 698 4413 implet
720 4344 774 4399 AB
797 4343 920 4413 (impleat
937 4357 971 4399 eoa
988 4342 1082 4412 implet
1099 4357 1169 4398 corr.
1186 4343 1250 4398 beo

126 4428 318 4500 Brassicaaus)
413 4431 445 4484 27
465 4430 542 4485 modo
554 4446 606 4484 non
625 4430 681 4484 AB
774 4430 809 4484 30
826 4445 892 4500 quae
908 4427 1054 4498 implentur
1070 4428 1099 4484 B
1116 4434 1179 4484 Μ

176 4534 251 4590 VIII.
1129 4532 1146 4584 3
