3178 5100
266 465 330 534 254
752 464 913 518 Saluiani

269 657 364 722 uidua
401 653 548 720 detieiesa
585 672 647 721 nnn
681 653 779 736 diues,
817 653 878 718 nisi
913 650 1008 718 fuerit
1041 655 1097 719 deu
1132 653 1301 718 adhaerens
1336 651 1399 718 nisi

269 759 402 824 arationi
424 755 528 823 dedita
550 759 612 824 nisi
635 775 653 821 a
676 758 797 822 eunctis
821 757 931 820 mundi
953 756 1117 822 inheeebris
1139 755 1278 820 desolata
1293 761 1324 820 et
1342 775 1400 838 puer

216 861 256 927 27
268 863 346 928 haee
368 862 472 927 omnia
492 881 567 928 uere
591 861 696 927 uidua.
728 861 810 943 quud
832 861 860 924 si
875 860 929 924 iia
950 867 1008 936 set,
1028 877 1290 942 quaeaumqnese
1312 860 1399 926 uitae

269 965 354 1047 eupit
375 982 527 1030 essenon
550 965 659 1031 mortis
682 980 878 1046 nequaquam
897 963 1039 1029 sufficere
1054 963 1115 1028 sihi
1140 960 1293 1044 aestimet,
1318 965 1344 1030 si
1368 967 1400 1030 et

270 1069 396 1134 delicias
425 1069 561 1135 aibiuoh
590 1070 693 1134 deumv
706 1070 739 1133 et
762 1067 891 1132 diuitias
914 1067 1086 1151 abnegarit,
1121 1067 1181 1132 nisi
1204 1067 1399 1134 emanatione
1423 1091 1435 1130 e

270 1175 303 1236 et
322 1171 428 1237 labare
456 1173 489 1236 id
515 1173 732 1255 promeruerit,
769 1173 806 1236 ut
833 1169 929 1236 uidua
959 1171 1009 1235 dei
1040 1189 1106 1236 esse
1122 1171 1290 1236 uideatur:
1327 1170 1401 1254 quia

269 1293 329 1341 nen
364 1279 412 1340 est
443 1276 585 1354 dubium,
620 1275 702 1357 quod
736 1274 997 1355 quemadmodum
1030 1273 1099 1356 quis
1129 1273 1162 1338 in
1190 1273 1249 1338 hoe
1277 1274 1401 1339 saeculo

270 1378 395 1444 Christe
409 1379 599 1458 adhaeserit,
622 1379 668 1444 ita
683 1378 717 1442 in
733 1376 850 1443 Christi
864 1377 989 1460 torpore
1004 1378 1209 1461 permanehit,
1229 1377 1402 1442 seeundum

269 1480 363 1545 illud:
388 1481 572 1546 adhaesit
594 1481 829 1546 animamea
851 1482 1015 1561 postte,
1044 1498 1099 1544 me
1122 1483 1248 1545 autem
1272 1498 1402 1571 susee-

269 1585 329 1665 pit
351 1585 512 1650 dextera
534 1585 612 1649 tua.
642 1601 703 1667 que
719 1585 907 1668 declaratur,
931 1584 1013 1666 quod
1030 1601 1098 1648 sam
1113 1585 1239 1649 tantum
1253 1585 1439 1662 animumn

271 1702 349 1768 quae
372 1688 429 1754 deo
457 1687 630 1752 adhaeserit
658 1689 691 1752 in
721 1689 780 1753 hee
808 1686 947 1765 saecule,
976 1688 1102 1752 dextera
1125 1687 1175 1752 dei
1197 1687 1347 1768 suscipiat
1369 1687 1404 1751 in

219 1785 398 1860 aaznnnre.=
425 1791 603 1874 hastengo
631 1790 796 1855 uiduitatis
826 1791 874 1854 est
901 1790 1018 1874 regula.
1053 1805 1128 1854 nam
1157 1791 1196 1855 de
1217 1789 1416 1874 coniugibus*

271 1894 496 1958 eontinentiam
533 1894 680 1976 professis
715 1895 750 1958 st
781 1893 895 1976 spiritu
927 1892 977 1958 dei
1014 1892 1117 1974 plenis
1155 1892 1298 1966 dubitare
1332 1895 1403 1975 quis

271 1996 392 2074 debeat,
427 1997 501 2078 quin
531 2015 587 2060 sua
616 1995 782 2060 heredibus
817 1995 982 2060 mundanis
1015 1995 1138 2060 seruire¹
1164 1994 1265 2060 nolint
1294 1996 1405 2078 quise

271 2099 354 2180 ipsos
374 2099 493 2163 mundo
516 2099 775 2164 eliminauerint?
804 2099 958 2182 quemodo
990 2100 1073 2164 sinim
1095 2100 1190 2164 adse
1213 2099 1442 2181 pertinentiam

274 2201 345 2266 aliis
379 2201 525 2267 addicant
559 2204 611 2284 qui
645 2203 728 2284 ipsos
751 2220 782 2266 se
810 2201 872 2267 sihi
904 2203 1079 2284 denegant?
1117 2203 1183 2266 tam
1211 2219 1293 2266 noua
1320 2203 1406 2266 enim
1455 2204 1457 2208 ’

273 2305 391 2368 uirtute
423 2305 557 2387 praediti
590 2322 812 2387 conuessasque
842 2305 882 2387 et,
917 2305 998 2386 quod
1032 2303 1137 2369 maius
1171 2305 1228 2382 eet,
1263 2307 1405 2386 expertas

274 2425 437 2490 eorporum
466 2408 645 2491 uoluptates
673 2407 868 2472 admirabilis
898 2407 1110 2474 rontinentiaa
1132 2407 1315 2472 austeritate
1339 2409 1405 2472 eal·

274 2515 380 2577 nantes
403 2512 667 2594 quemadmodum
689 2510 810 2593 aliquid
833 2529 937 2576 rerum
960 2527 1087 2576 sumum
1103 2527 1165 2575 non
1180 2512 1237 2575 deo
1258 2517 1406 2589 seaeant,

274 2616 328 2696 qui
357 2617 460 2700 ipsum
490 2618 574 2680 intra
596 2616 745 2680 sedeam
768 2633 837 2680 esse
861 2615 1024 2680 feserunt?
1058 2616 1094 2678 ut
1115 2631 1184 2678 meu
1204 2615 1332 2696 quidem
1353 2615 1445 2680 iuno

274 2719 478 2784 dicieetiam
501 2719 540 2782 de
569 2717 627 2784 tali
650 2717 1002 2800 coniugio'ueetissima
1022 2717 1086 2784 diei
1108 2718 1223 2800 pessit:
1251 2720 1408 2787 laetare

274 2824 439 2888 suerin-ie
467 2824 667 2907 quodnon
696 2825 836 2907 paria,¹
856 2839 1017 2904 erumpe
1045 2825 1083 2888 et
1106 2825 1282 2890 exclama
1305 2825 1407 2905 quod

274 2945 345 2992 non
367 2929 560 3009 pantania,
585 2929 676 3009 quia
697 2927 815 2992 multi
838 2926 921 2990 filii
944 2926 1121 2992 desertae
1146 2928 1270 3010 magis
1293 2945 1406 3010 quarn

222 3029 357 3110 ddeius
377 3049 476 3114 ¹quae
500 3029 617 3098 hahet
639 3029 779 3107 uirum.
820 3032 850 3096 et
868 3027 992 3116 sterile,
1010 3047 1153 3115 namque¹
1168 3033 1215 3095 est
1238 3031 1319 3112 quod
1344 3049 1406 3096 nnn

272 3134 354 3218 parit
388 3137 420 3198 et
460 3136 620 3224 desertum
657 3136 738 3215 quod
771 3134 809 3198 ah
840 3133 990 3204 ,omnibus
1025 3133 1199 3221 sumundi
1235 3133 1444 3200 inlecebrisae

275 3238 431 3324 separauit
454 3237 485 3302 et
508 3236 574 3301 sina
597 3237 663 3304 uiro
687 3235 767 3317 quod
791 3236 858 3308 sine
880 3235 941 3300 uiri
963 3253 1022 3300 usu
1047 3234 1094 3298 ita
1114 3235 1220 3300 uirum
1242 3235 1354 3320 habet,
1370 3241 1407 3302 ut

275 3358 336 3405 nnn
359 3339 474 3406 habere
497 3325 650 3407 uideatur.
687 3340 743 3405 hos
767 3357 839 3422 ergo
863 3339 1009 3432 coniuges
1032 3337 1113 3405 tales
1135 3338 1206 3424 quis
1229 3337 1354 3428 dubitet
1376 3345 1407 3405 et
1468 3375 1470 3378 ·

276 3445 351 3510 dum
384 3445 507 3521 uiuunt,
540 3444 624 3513 sieut
654 3444 822 3511 inseite
853 3443 950 3518 etiarn
973 3445 1011 3519 in
1045 3442 1111 3511 suis
1145 3443 1328 3534 substantiis
1351 3443 1408 3510 deo

275 3549 393 3628 uiuere,
418 3552 450 3612 et
474 3530 545 3612 eum
569 3567 585 3610 e
607 3546 677 3612 uita
696 3546 821 3624 exeunt,
846 3565 916 3612 eum
939 3566 994 3612 sua
1013 3528 1051 3611 ad
1069 3546 1171 3623 deum,
1195 3549 1244 3611 aui
1260 3547 1407 3626 uiuerint,

379 3770 561 3836 91sa.54‚1
665 3770 697 3824 an
717 3770 815 3824 natan.
837 3731 872 3824 aa
931 3731 934 3738 ’

288 4016 293 4023 .
328 3978 341 4030 1
362 3975 488 4030 deliriasa
506 3981 532 4030 et
549 3976 643 4030 statim
661 3974 770 4030 delicias
788 3973 940 4030 iterumne
959 3971 1004 4027 dil.
1024 3987 1094 4028 corr.
1112 3975 1179 4026 na2
1196 3972 1223 4025 A
1315 3973 1331 4026 6
1349 3987 1410 4040 pro-

276 4063 404 4117 meruerit
421 4077 456 4117 du
475 4062 546 4116 -uuit
564 4076 634 4118 corr.
652 4077 686 4116 m.
699 4065 719 4116 2
734 4061 780 4114 Ba·
858 4060 873 4114 7
891 4075 958 4130 quoe
973 4060 1092 4128 (deuter.)
1111 4060 1139 4112 A
1157 4073 1226 4113 arua.
1244 4057 1261 4112 d
1279 4059 1318 4113 aa.
1338 4057 1411 4128 quad

277 4148 304 4203 B
408 4149 441 4204 17
468 4147 600 4218 praedicti
628 4147 655 4202 B
758 4145 792 4201 18
816 4146 1038 4216 confluentiaep
1065 4149 1101 4212 (at
1119 4144 1280 4212 Bataar'uatr
1308 4145 1411 4199 musei·

278 4236 366 4289 antiae
387 4235 443 4288 AB
547 4233 581 4286 22
600 4233 692 4287 sterile
710 4232 737 4285 A
755 4237 781 4286 et
798 4248 832 4286 m.
851 4231 917 4286 213
943 4230 1044 4285 sterilis
1063 4230 1090 4283 B
1107 4236 1177 4286 nal
1264 4230 1315 4286 Ι28
1339 4231 1413 4285 sieut

278 4335 306 4374 se
321 4337 344 4376 a
362 4337 412 4376 aer.
431 4337 466 4375 m.
484 4323 505 4376 2
524 4321 587 4388 (aet.
608 4321 645 4388 1)-
657 4319 687 4372 in
711 4319 738 4377 A
839 4319 875 4374 29
898 4333 958 4375 eum
980 4316 1100 4371 uiuerint
1118 4333 1132 4370 e
1150 4316 1210 4371 nita
1226 4315 1274 4371 aad
1290 4316 1416 4370 uiuerint

278 4425 312 4463 aa
325 4413 410 4477 parte
427 4421 498 4460 arua.
518 4411 543 4460 et
557 4411 654 4474 punct.
673 4406 700 4460 A
1270 4400 1272 4405 ’
