3172 5098
506 498 547 553 ad
565 497 746 554 ecclesiam
763 500 824 556 1111
844 505 860 566 ς
878 500 990 556 37-14.
1249 504 1314 570 313

180 688 338 756 sententia
367 689 558 756 subleuetur.
595 688 649 754 sed
678 689 789 771 siqui
819 691 890 756 uult
920 708 957 755 ex
986 691 1202 772 peecatoribus
1232 693 1311 758 scire
1322 693 1363 759 41

155 809 275 875 quam
309 792 449 875 grauiter
483 793 634 860 censenda
660 792 757 859 adeo
790 792 857 858 sint
889 812 1003 877 magna
1035 795 1176 874 crimina,
1214 797 1313 863 ducor

179 897 315 978 qualiter
336 898 369 962 iu
391 901 490 964 semet
526 898 601 982 ipsis
634 899 767 980 puniant
794 899 904 994 suncti
932 900 1029 965 etiam
1057 897 1142 964 leuia
1172 901 1311 980 peccata,

180 999 295 1065 conscii
316 999 439 1066 scilicet
460 1001 526 1066 iam
548 1019 585 1066 ex
606 1002 707 1085 ipsius
729 1003 779 1068 dei
801 1003 896 1068 dictis
919 1002 1019 1068 futuri
1034 1003 1185 1068 examinis
1201 1021 1237 1068 aa
1258 1019 1314 1086 per

158 1103 301 1171 rdomiui
328 1104 376 1168 sui
405 1104 502 1169 uerba
529 1106 624 1170 etiam
654 1106 770 1171 iudicia
798 1106 950 1172 rimantes
980 1110 1013 1172 et
1033 1106 1104 1171 ideo
1134 1124 1257 1190 semper
1279 1108 1313 1172 iu

179 1206 231 1272 dei
264 1223 355 1288 opere
388 1224 512 1288 semper
540 1209 573 1272 iu
602 1209 830 1290 conpunctione
863 1227 987 1292 semper
1016 1210 1051 1274 iu
1085 1223 1177 1274 omoe
1208 1209 1313 1292 positi.

179 1308 265 1374 beati
286 1309 341 1390 qui
363 1328 434 1376 cum
468 1311 608 1376 omnium
641 1313 860 1391 misereantur,
896 1312 957 1378 sibi
985 1329 1157 1394 numquam
1189 1312 1313 1394 penitus

180 1411 353 1492 ignoscant,
376 1415 408 1478 iu
431 1414 517 1479 nullo
547 1415 608 1480 sibi
635 1418 798 1498 parcentes
825 1418 879 1480 eed
901 1419 984 1480 totos
1007 1433 1041 1479 ee
1064 1413 1232 1480 admodum
1256 1415 1312 1478 deo

179 1515 383 1595 inpendentes
406 1517 438 1581 et
465 1517 535 1582 ideo
557 1517 591 1582 in
615 1518 721 1584 futuro
744 1517 859 1583 iudioio
881 1517 971 1600 digni
993 1516 1142 1600 praemio,
1166 1518 1240 1598 quio
1262 1517 1312 1582 hic

145 1647 172 1686 ιο
180 1620 262 1698 apud
296 1635 330 1683 se
362 1619 479 1702 iugiter
511 1620 544 1684 in
578 1622 677 1685 reatu.
716 1637 789 1683 nam
824 1619 861 1684 de
895 1618 1108 1684 misericordia
1142 1638 1249 1685 eorum
1279 1623 1366 1689 aeos

179 1720 328 1803 largitate
362 1722 436 1803 quid
470 1722 583 1799 dicam,
618 1742 695 1806 quae
724 1724 829 1788 uirtus
860 1724 942 1805 apud
966 1739 1018 1789 eos
1039 1723 1130 1807 quasi
1153 1724 1313 1788 uirtutum

180 1823 321 1890 omnium
351 1824 527 1892 initiatrix?
558 1826 700 1910 plerique
729 1829 814 1894 enim
843 1847 951 1894 eorum
979 1827 1056 1892 heac
1083 1825 1201 1892 habeut
1222 1827 1313 1908 quasi

48 1982 52 1988 .
179 1925 304 1992 exordia
327 1929 360 1992 et
381 1928 470 2012 quasi
498 1931 689 1997 incunabula
717 1931 928 1998 conuersionie
957 1947 1041 2013 suae,
1072 1933 1108 1994 ut
1129 1930 1313 2013 priusquam

179 2027 279 2094 limen
313 2033 436 2097 sauctae
471 2032 670 2114 professionis
700 2036 871 2112 introeunt,
907 2035 945 2098 de
973 2032 1108 2116 propriis
1131 2032 1193 2098 eibi
1215 2032 1313 2098 facul·

145 2131 300 2204 15tetibus
328 2134 375 2197 nil
403 2134 582 2219 relinquent
611 2136 781 2203 secuudum
810 2138 892 2203 illud
920 2138 1042 2202 scilicet
1072 2135 1191 2202 domini
1214 2137 1314 2201 nostri

181 2234 313 2315 dictum,
330 2255 389 2324 quo
406 2238 467 2304 ait:
491 2241 614 2304 ueude
636 2241 768 2305 omnia
789 2241 889 2306 bona
911 2244 979 2305 tua
1001 2241 1039 2304 et
1062 2238 1108 2303 da
1130 2240 1314 2320 pauperi-

86 2419 88 2426 γ
179 2337 267 2420 bue,
290 2343 329 2404 et
351 2339 461 2419 ueni,
485 2358 646 2423 sequere
665 2361 731 2408 me.
761 2345 794 2408 et
807 2342 857 2407 illi
872 2342 980 2424 itaque
994 2341 1133 2408 secuturi
1148 2343 1311 2406 uocantem
1323 2349 1367 2415 43

180 2441 273 2508 deum
306 2441 392 2524 prius
422 2445 564 2509 ueuduut
594 2446 699 2510 omnia
727 2464 821 2528 quam
848 2446 1029 2527 sequantur.
1068 2444 1199 2510 diuitias
1231 2445 1314 2510 euim

180 2559 309 2612 onerum
341 2550 435 2629 atque
468 2546 752 2629 inpedimentorum
786 2549 852 2614 loco
880 2566 948 2614 esee
977 2547 1126 2614 ducentes
1155 2547 1313 2630 expeditos

145 2666 213 2723 „se
242 2666 304 2714 noo
338 2652 453 2731 putant
481 2651 521 2716 ad
550 2653 752 2732 sequendum,
787 2651 849 2716 uisi
883 2651 990 2718 omniu
1022 2649 1109 2732 prius
1142 2649 1314 2718 muralium

180 2752 375 2818 sarcinarum
405 2755 617 2835 inpedimenta
639 2754 836 2835 proieceriut
864 2754 962 2820 simul
983 2756 1020 2818 ut
1042 2770 1128 2818 more
1149 2753 1314 2818 hominum

181 2856 456 2938 commigrantium
484 2858 571 2940 prius
599 2857 639 2922 ad
670 2857 776 2924 locum
805 2857 976 2924 habitaculi
1001 2855 1149 2922 destinati
1172 2875 1220 2922 res
1243 2873 1314 2920 suae

180 2958 369 3024 mansferaut
402 2977 497 3043 quam
526 2960 678 3041 seipsos,
713 2958 835 3024 scilicet
864 2963 909 3036 ut,
944 2977 1018 3026 cum
1048 2977 1191 3042 eaquae
1220 2960 1260 3024 ad
1282 2977 1315 3026 se

180 3062 337 3144 pertinent
358 3063 505 3129 uniuersa
526 3063 756 3141 transtulerint,
780 3068 856 3128 tuuc
874 3063 938 3145 ipsi
962 3064 995 3130 iu
1018 3062 1146 3143 plenam
1168 3079 1204 3127 ac
1218 3059 1313 3128 refer-

145 3165 248 3236 autam
281 3165 368 3232 bouis
395 3165 616 3232 inmortalibus
646 3170 784 3251 domum,
819 3166 989 3249 praemissa
1016 3185 1120 3232 rerum
1152 3164 1314 3254 facultate,
1351 3243 1354 3250 Ι

181 3267 398 3354 commigrent,
422 3274 523 3338 securi
545 3269 663 3354 absque
681 3270 777 3336 dubio
800 3269 879 3336 nihii
905 3269 967 3335 eibi
989 3271 1099 3352 postea
1121 3265 1313 3346 defuturum,

182 3374 235 3454 qui
258 3373 371 3439 exituri
394 3375 431 3439 de
454 3373 632 3439 habitaculo
656 3372 715 3438 uili
739 3376 770 3437 et
793 3369 1076 3456 contemptibilium
1099 3370 1163 3436 iam
1186 3369 1313 3453 iamque

180 3475 303 3542 ruituro
333 3476 412 3542 nihil
446 3477 515 3552 illio
545 3478 583 3542 da
613 3493 668 3541 suo
702 3477 828 3558 penitus
862 3475 1048 3558 reliquerint
1075 3476 1156 3557 quod
1187 3473 1313 3555 periret.

180 3578 255 3643 haer
278 3595 351 3659 ergo
373 3581 552 3646 sauctorum
575 3598 646 3663 spes
670 3579 746 3644 haec
768 3579 882 3646 fiducia
905 3583 969 3644 est:
1003 3577 1048 3644 sic
1077 3577 1138 3644 sibi
1166 3577 1369 3659 opulenta44

143 3698 285 3755 ,trorum
322 3682 560 3749 transmissione
596 3682 807 3765 prospiciunt,
853 3686 889 3747 ut
925 3681 1061 3746 aeternis
1096 3680 1314 3746 inmortalium

180 3783 370 3851 facultatum
393 3787 491 3870 copiis
513 3785 725 3868 perfruantur.
758 3789 896 3849 ceterum
917 3785 966 3878 tu,
990 3776 1178 3866 quicumque
1200 3782 1256 3848 ille
1280 3801 1312 3847 es

286 3990 317 4044 16
336 3988 435 4048 March.
456 3991 495 4054 19,
515 3990 548 4044 21

201 4176 663 4246 »11]ιιὶεοωᾳιιὶοονν.1η.2Β
762 4175 1246 4244 supermundanorum

185 4263 217 4317 10
243 4266 311 4332 uput
336 4265 365 4318 A
468 4263 502 4318 18
528 4262 738 4318 conuersationis
763 4261 792 4320 B
896 4263 929 4318 1s
947 4263 1076 4320 houerum
1092 4263 1121 4314 A
1139 4267 1164 4316 et
1182 4261 1201 4316 h
1216 4267 1314 4329 pom.

179 4351 208 4406 Β
304 4351 339 4406 20
355 4350 431 4419 prius
448 4350 539 4406 omniu
555 4349 583 4404 B
681 4349 716 4404 28
733 4348 910 4419 relinquerint
927 4361 962 4404 ca
980 4347 1031 4401 ·rit
1049 4363 1123 4404 corr.
1134 4351 1200 4402 1111
1218 4348 1246 4402 A
1294 4391 1296 4396 .

180 4439 215 4492 29
232 4437 330 4492 fidutia
347 4437 376 4492 B
