<?xml version="1.0" encoding="UTF-8"?>
<!DOCTYPE html PUBLIC "-//W3C//DTD XHTML 1.0 Transitional//EN"
    "http://www.w3.org/TR/xhtml1/DTD/xhtml1-transitional.dtd">
<html xmlns="http://www.w3.org/1999/xhtml" xml:lang="en" lang="en">
 <head>
  <title>
</title>
<meta http-equiv="Content-Type" content="text/html;charset=utf-8" />
  <meta name='ocr-system' content='tesseract 3.04.00' />
  <meta name='ocr-capabilities' content='ocr_page ocr_carea ocr_par ocr_line ocrx_word'/>
</head>
<body>
  <div class='ocr_page' id='page_1' title='image "./corpusscriptoru07wissgoog_0233.png"; bbox 0 0 3178 5100; ppageno 0'>
   <div class='ocr_carea' id='block_1_1' title="bbox 267 487 910 557">
    <p class='ocr_par' dir='ltr' id='par_1_1' title="bbox 267 487 910 557">
     <span class='ocr_line' id='line_1_1' title="bbox 267 487 910 557; baseline -0.003 -13"><span class='ocrx_word' id='word_1_1' title='bbox 267 489 335 557; x_wconf 60' lang='lat'><strong>210</strong></span> <span class='ocrx_word' id='word_1_2' title='bbox 751 487 910 543; x_wconf 76' lang='lat' dir='ltr'><strong>Saluieni</strong></span> 
     </span>
    </p>
   </div>
   <div class='ocr_carea' id='block_1_2' title="bbox 169 677 1587 3652">
    <p class='ocr_par' dir='ltr' id='par_1_2' title="bbox 213 677 1393 967">
     <span class='ocr_line' id='line_1_2' title="bbox 213 677 1393 761; baseline 0.002 -17"><span class='ocrx_word' id='word_1_3' title='bbox 213 679 253 744; x_wconf 83' lang='grc'><strong>21</strong></span> <span class='ocrx_word' id='word_1_4' title='bbox 265 678 403 744; x_wconf 65' lang='lat' dir='ltr'><strong>saccus.</strong></span> <span class='ocrx_word' id='word_1_5' title='bbox 435 695 489 743; x_wconf 87' lang='lat' dir='ltr'><strong>nos</strong></span> <span class='ocrx_word' id='word_1_6' title='bbox 512 686 572 744; x_wconf 86' lang='lat' dir='ltr'><strong>non</strong></span> <span class='ocrx_word' id='word_1_7' title='bbox 594 677 628 741; x_wconf 90' lang='lat' dir='ltr'><strong>in</strong></span> <span class='ocrx_word' id='word_1_8' title='bbox 643 678 708 742; x_wconf 87' lang='lat' dir='ltr'><strong>acie</strong></span> <span class='ocrx_word' id='word_1_9' title='bbox 732 681 852 742; x_wconf 83' lang='lat' dir='ltr'><strong>stamus</strong></span> <span class='ocrx_word' id='word_1_10' title='bbox 874 695 937 742; x_wconf 88' lang='lat' dir='ltr'><strong>non</strong></span> <span class='ocrx_word' id='word_1_11' title='bbox 951 696 1040 743; x_wconf 87' lang='lat' dir='ltr'><strong>arma</strong></span> <span class='ocrx_word' id='word_1_12' title='bbox 1055 679 1218 761; x_wconf 80' lang='lat' dir='ltr'>sumimus,</span> <span class='ocrx_word' id='word_1_13' title='bbox 1243 697 1304 744; x_wconf 89' lang='lat' dir='ltr'><strong>non</strong></span> <span class='ocrx_word' id='word_1_14' title='bbox 1326 681 1393 746; x_wconf 91' lang='lat' dir='ltr'><strong>uim</strong></span> 
     </span>
     <span class='ocr_line' id='line_1_3' title="bbox 264 781 1393 866; baseline 0.003 -19"><span class='ocrx_word' id='word_1_15' title='bbox 264 781 425 847; x_wconf 77' lang='lat' dir='ltr'><strong>inferimus</strong></span> <span class='ocrx_word' id='word_1_16' title='bbox 448 799 504 846; x_wconf 91' lang='lat' dir='ltr'><strong>nec</strong></span> <span class='ocrx_word' id='word_1_17' title='bbox 525 781 706 864; x_wconf 84' lang='lat' dir='ltr'><strong>propulsare</strong></span> <span class='ocrx_word' id='word_1_18' title='bbox 728 784 932 863; x_wconf 85' lang='lat' dir='ltr'><strong>temptamus,</strong></span> <span class='ocrx_word' id='word_1_19' title='bbox 955 781 1089 864; x_wconf 87' lang='lat' dir='ltr'><strong>impium</strong></span> <span class='ocrx_word' id='word_1_20' title='bbox 1107 781 1176 846; x_wconf 74' lang='lat' dir='ltr'><strong>&#39;iore</strong></span> <span class='ocrx_word' id='word_1_21' title='bbox 1193 783 1393 866; x_wconf 65' lang='lat' dir='ltr'><strong>arbitrantes,</strong></span> 
     </span>
     <span class='ocr_line' id='line_1_4' title="bbox 263 882 1392 967; baseline 0.001 -17"><span class='ocrx_word' id='word_1_22' title='bbox 263 885 365 950; x_wconf 62' lang='lat' dir='ltr'><strong>muel</strong></span> <span class='ocrx_word' id='word_1_23' title='bbox 386 884 419 949; x_wconf 93' lang='lat' dir='ltr'><strong>in</strong></span> <span class='ocrx_word' id='word_1_24' title='bbox 447 885 505 948; x_wconf 87' lang='lat' dir='ltr'><strong>hcc</strong></span> <span class='ocrx_word' id='word_1_25' title='bbox 532 882 592 948; x_wconf 91' lang='lat' dir='ltr'><strong>filii</strong></span> <span class='ocrx_word' id='word_1_26' title='bbox 620 882 803 966; x_wconf 78' lang='lat' dir='ltr'><strong>parentibus</strong></span> <span class='ocrx_word' id='word_1_27' title='bbox 833 883 968 965; x_wconf 87' lang='lat' dir='ltr'><strong>obuiont,</strong></span> <span class='ocrx_word' id='word_1_28' title='bbox 1001 903 1040 948; x_wconf 93' lang='lat' dir='ltr'><strong>ne</strong></span> <span class='ocrx_word' id='word_1_29' title='bbox 1069 884 1241 967; x_wconf 82' lang='lat' dir='ltr'><strong>puniantur</strong></span> <span class='ocrx_word' id='word_1_30' title='bbox 1269 885 1392 952; x_wconf 85' lang='lat' dir='ltr'><strong>iniusti.</strong></span> 
     </span>
    </p>

    <p class='ocr_par' dir='ltr' id='par_1_3' title="bbox 169 985 1432 1278">
     <span class='ocr_line' id='line_1_5' title="bbox 169 985 1395 1071; baseline -0.001 -17"><span class='ocrx_word' id='word_1_31' title='bbox 169 995 170 1000; x_wconf 77' lang='grc'>’</span> <span class='ocrx_word' id='word_1_32' title='bbox 264 1001 328 1065; x_wconf 88' lang='lat' dir='ltr'><strong>cur,</strong></span> <span class='ocrx_word' id='word_1_33' title='bbox 361 1003 446 1070; x_wconf 81' lang='lat' dir='ltr'><strong>rogo,</strong></span> <span class='ocrx_word' id='word_1_34' title='bbox 480 987 562 1071; x_wconf 85' lang='lat' dir='ltr'><strong>quod</strong></span> <span class='ocrx_word' id='word_1_35' title='bbox 589 986 639 1050; x_wconf 92' lang='lat' dir='ltr'><strong>illi</strong></span> <span class='ocrx_word' id='word_1_36' title='bbox 667 985 823 1069; x_wconf 83' lang='lat' dir='ltr'><strong>quondam</strong></span> <span class='ocrx_word' id='word_1_37' title='bbox 852 987 982 1051; x_wconf 82' lang='lat' dir='ltr'><strong>affectus</strong></span> <span class='ocrx_word' id='word_1_38' title='bbox 1010 1005 1065 1070; x_wconf 89' lang='lat' dir='ltr'><strong>pro</strong></span> <span class='ocrx_word' id='word_1_39' title='bbox 1096 986 1161 1052; x_wconf 84' lang='lat' dir='ltr'><strong>suis</strong></span> <span class='ocrx_word' id='word_1_40' title='bbox 1191 988 1395 1054; x_wconf 85' lang='lat' dir='ltr'><strong>obtinuerunt</strong></span> 
     </span>
     <span class='ocr_line' id='line_1_6' title="bbox 263 1089 1432 1172; baseline -0.001 -15"><span class='ocrx_word' id='word_1_41' title='bbox 263 1094 359 1157; x_wconf 76' lang='lat' dir='ltr'><strong>nestn</strong></span> <span class='ocrx_word' id='word_1_42' title='bbox 390 1107 453 1156; x_wconf 89' lang='lat' dir='ltr'><strong>nou</strong></span> <span class='ocrx_word' id='word_1_43' title='bbox 481 1093 596 1172; x_wconf 88' lang='lat' dir='ltr'><strong>queant</strong></span> <span class='ocrx_word' id='word_1_44' title='bbox 623 1089 780 1170; x_wconf 81' lang='lat' dir='ltr'>inpetrare</span> <span class='ocrx_word' id='word_1_45' title='bbox 802 1108 856 1172; x_wconf 88' lang='lat' dir='ltr'><strong>prc</strong></span> <span class='ocrx_word' id='word_1_46' title='bbox 879 1089 993 1156; x_wconf 85' lang='lat' dir='ltr'><strong>nobis?</strong></span> <span class='ocrx_word' id='word_1_47' title='bbox 1027 1109 1066 1155; x_wconf 88' lang='lat' dir='ltr'><strong>uu</strong></span> <span class='ocrx_word' id='word_1_48' title='bbox 1089 1091 1158 1156; x_wconf 87' lang='lat' dir='ltr'><strong>ideo</strong></span> <span class='ocrx_word' id='word_1_49' title='bbox 1180 1089 1432 1158; x_wconf 68' lang='lat' dir='ltr'><strong>infelicissimis</strong></span> 
     </span>
     <span class='ocr_line' id='line_1_7' title="bbox 263 1192 1392 1278; baseline 0.001 -19"><span class='ocrx_word' id='word_1_50' title='bbox 263 1207 359 1278; x_wconf 87' lang='lat' dir='ltr'><strong>paene</strong></span> <span class='ocrx_word' id='word_1_51' title='bbox 380 1193 530 1270; x_wconf 86' lang='lat' dir='ltr'><strong>omnium,</strong></span> <span class='ocrx_word' id='word_1_52' title='bbox 559 1194 629 1258; x_wconf 85' lang='lat' dir='ltr'><strong>ideo</strong></span> <span class='ocrx_word' id='word_1_53' title='bbox 651 1192 756 1256; x_wconf 89' lang='lat' dir='ltr'><strong>minus</strong></span> <span class='ocrx_word' id='word_1_54' title='bbox 777 1211 935 1259; x_wconf 88' lang='lat' dir='ltr'><strong>meremur</strong></span> <span class='ocrx_word' id='word_1_55' title='bbox 960 1197 1096 1274; x_wconf 88' lang='lat' dir='ltr'><strong>ueniam,</strong></span> <span class='ocrx_word' id='word_1_56' title='bbox 1124 1195 1198 1276; x_wconf 88' lang='lat' dir='ltr'><strong>quia</strong></span> <span class='ocrx_word' id='word_1_57' title='bbox 1221 1212 1392 1278; x_wconf 78' lang='lat' dir='ltr'><strong>repugnare</strong></span> 
     </span>
    </p>

    <p class='ocr_par' dir='ltr' id='par_1_4' title="bbox 211 1295 1394 1379">
     <span class='ocr_line' id='line_1_8' title="bbox 211 1295 1394 1379; baseline 0.003 -19"><span class='ocrx_word' id='word_1_58' title='bbox 211 1297 443 1364; x_wconf 77' lang='lat' dir='ltr'><strong>22nescimusl³</strong></span> <span class='ocrx_word' id='word_1_59' title='bbox 476 1295 557 1378; x_wconf 82' lang='lat' dir='ltr'><strong>quod</strong></span> <span class='ocrx_word' id='word_1_60' title='bbox 584 1296 684 1361; x_wconf 88' lang='lat' dir='ltr'><strong>uultis</strong></span> <span class='ocrx_word' id='word_1_61' title='bbox 713 1315 768 1360; x_wconf 88' lang='lat' dir='ltr'><strong>nos</strong></span> <span class='ocrx_word' id='word_1_62' title='bbox 796 1297 862 1379; x_wconf 87' lang='lat' dir='ltr'><strong>pati</strong></span> <span class='ocrx_word' id='word_1_63' title='bbox 885 1298 1033 1379; x_wconf 90' lang='lat' dir='ltr'><strong>patimur.</strong></span> <span class='ocrx_word' id='word_1_64' title='bbox 1071 1297 1099 1362; x_wconf 88' lang='lat' dir='ltr'><strong>si</strong></span> <span class='ocrx_word' id='word_1_65' title='bbox 1121 1297 1303 1372; x_wconf 74' lang='lat' dir='ltr'><strong>irascimini,</strong></span> <span class='ocrx_word' id='word_1_66' title='bbox 1339 1301 1394 1364; x_wconf 87' lang='lat' dir='ltr'><strong>de·</strong></span> 
     </span>
    </p>

    <p class='ocr_par' dir='ltr' id='par_1_5' title="bbox 193 1399 1433 1793">
     <span class='ocr_line' id='line_1_9' title="bbox 193 1399 1392 1485; baseline -0.002 -19"><span class='ocrx_word' id='word_1_67' title='bbox 193 1478 196 1484; x_wconf 23' lang='lat'>¹</span> <span class='ocrx_word' id='word_1_68' title='bbox 261 1413 440 1485; x_wconf 77' lang='lat' dir='ltr'><strong>precamur,</strong></span> <span class='ocrx_word' id='word_1_69' title='bbox 474 1400 502 1464; x_wconf 88' lang='lat' dir='ltr'><strong>ei</strong></span> <span class='ocrx_word' id='word_1_70' title='bbox 532 1399 706 1482; x_wconf 85' lang='lat' dir='ltr'><strong>puniendos</strong></span> <span class='ocrx_word' id='word_1_71' title='bbox 735 1400 879 1477; x_wconf 85' lang='lat' dir='ltr'><strong>creditis,</strong></span> <span class='ocrx_word' id='word_1_72' title='bbox 915 1399 1154 1482; x_wconf 80' lang='lat' dir='ltr'><strong>adquiescimus.</strong></span> <span class='ocrx_word' id='word_1_73' title='bbox 1192 1402 1274 1483; x_wconf 80' lang='lat' dir='ltr'><strong>quid,</strong></span> <span class='ocrx_word' id='word_1_74' title='bbox 1306 1417 1392 1485; x_wconf 83' lang='lat' dir='ltr'><strong>rogo,</strong></span> 
     </span>
     <span class='ocr_line' id='line_1_10' title="bbox 262 1502 1392 1586; baseline -0.001 -17"><span class='ocrx_word' id='word_1_75' title='bbox 262 1504 375 1569; x_wconf 80' lang='lat' dir='ltr'><strong>ultioni</strong></span> <span class='ocrx_word' id='word_1_76' title='bbox 403 1505 476 1586; x_wconf 89' lang='lat' dir='ltr'><strong>post</strong></span> <span class='ocrx_word' id='word_1_77' title='bbox 504 1502 566 1566; x_wconf 87' lang='lat' dir='ltr'><strong>ista</strong></span> <span class='ocrx_word' id='word_1_78' title='bbox 597 1505 760 1584; x_wconf 76' lang='lat' dir='ltr'><strong>superest?</strong></span> <span class='ocrx_word' id='word_1_79' title='bbox 797 1507 880 1567; x_wconf 86' lang='lat' dir='ltr'><strong>certe</strong></span> <span class='ocrx_word' id='word_1_80' title='bbox 909 1504 1032 1570; x_wconf 85' lang='lat' dir='ltr'><strong>etiamsi</strong></span> <span class='ocrx_word' id='word_1_81' title='bbox 1062 1504 1163 1568; x_wconf 87' lang='lat' dir='ltr'><strong>iustas</strong></span> <span class='ocrx_word' id='word_1_82' title='bbox 1191 1503 1392 1569; x_wconf 83' lang='lat' dir='ltr'><strong>suscensendi</strong></span> 
     </span>
     <span class='ocr_line' id='line_1_11' title="bbox 261 1605 1433 1690; baseline 0.003 -19"><span class='ocrx_word' id='word_1_83' title='bbox 261 1623 367 1672; x_wconf 85' lang='lat' dir='ltr'><strong>causas</strong></span> <span class='ocrx_word' id='word_1_84' title='bbox 398 1606 543 1689; x_wconf 72' lang='lat' dir='ltr'><strong>panonicos</strong></span> <span class='ocrx_word' id='word_1_85' title='bbox 576 1605 724 1680; x_wconf 84' lang='lat' dir='ltr'><strong>habeant,</strong></span> <span class='ocrx_word' id='word_1_86' title='bbox 761 1605 842 1670; x_wconf 89' lang='lat' dir='ltr'><strong>nihil</strong></span> <span class='ocrx_word' id='word_1_87' title='bbox 871 1606 1050 1690; x_wconf 81' lang='lat' dir='ltr'><strong>contingere</strong></span> <span class='ocrx_word' id='word_1_88' title='bbox 1082 1607 1127 1670; x_wconf 90' lang='lat' dir='ltr'><strong>eis</strong></span> <span class='ocrx_word' id='word_1_89' title='bbox 1157 1605 1280 1672; x_wconf 82' lang='lat' dir='ltr'><strong>felicius</strong></span> <span class='ocrx_word' id='word_1_90' title='bbox 1311 1607 1433 1674; x_wconf 78' lang='lat' dir='ltr'><strong>nihilne</strong></span> 
     </span>
     <span class='ocr_line' id='line_1_12' title="bbox 261 1709 1393 1793; baseline 0.002 -19"><span class='ocrx_word' id='word_1_91' title='bbox 261 1711 398 1793; x_wconf 81' lang='lat' dir='ltr'><strong>optatius</strong></span> <span class='ocrx_word' id='word_1_92' title='bbox 424 1713 528 1792; x_wconf 87' lang='lat' dir='ltr'><strong>potest</strong></span> <span class='ocrx_word' id='word_1_93' title='bbox 559 1725 652 1792; x_wconf 86' lang='lat' dir='ltr'><strong>quam</strong></span> <span class='ocrx_word' id='word_1_94' title='bbox 673 1712 712 1773; x_wconf 89' lang='lat' dir='ltr'><strong>ut</strong></span> <span class='ocrx_word' id='word_1_95' title='bbox 734 1709 781 1774; x_wconf 88' lang='lat' dir='ltr'><strong>sic</strong></span> <span class='ocrx_word' id='word_1_96' title='bbox 803 1710 847 1773; x_wconf 86' lang='lat' dir='ltr'><strong>eis</strong></span> <span class='ocrx_word' id='word_1_97' title='bbox 869 1727 924 1792; x_wconf 87' lang='lat' dir='ltr'><strong>pro</strong></span> <span class='ocrx_word' id='word_1_98' title='bbox 953 1711 1041 1774; x_wconf 86' lang='lat' dir='ltr'><strong>reatu</strong></span> <span class='ocrx_word' id='word_1_99' title='bbox 1071 1710 1131 1774; x_wconf 84' lang='lat' dir='ltr'><strong>filii</strong></span> <span class='ocrx_word' id='word_1_100' title='bbox 1160 1711 1237 1775; x_wconf 89' lang='lat' dir='ltr'><strong>satis</strong></span> <span class='ocrx_word' id='word_1_101' title='bbox 1261 1710 1393 1789; x_wconf 79' lang='lat' dir='ltr'><strong>faciant,</strong></span> 
     </span>
    </p>

    <p class='ocr_par' dir='ltr' id='par_1_6' title="bbox 210 1812 1587 2420">
     <span class='ocr_line' id='line_1_13' title="bbox 210 1812 1391 1898; baseline 0.002 -20"><span class='ocrx_word' id='word_1_102' title='bbox 210 1812 300 1882; x_wconf 73' lang='lat'>23110</span> <span class='ocrx_word' id='word_1_103' title='bbox 323 1831 448 1878; x_wconf 86' lang='lat' dir='ltr'><strong>necesse</strong></span> <span class='ocrx_word' id='word_1_104' title='bbox 473 1813 608 1878; x_wconf 83' lang='lat' dir='ltr'><strong>habeant</strong></span> <span class='ocrx_word' id='word_1_105' title='bbox 629 1813 799 1878; x_wconf 85' lang='lat' dir='ltr'><strong>uindicare.</strong></span> <span class='ocrx_word' id='word_1_106' title='bbox 835 1813 910 1895; x_wconf 80' lang='lat' dir='ltr'><strong>quil</strong></span> <span class='ocrx_word' id='word_1_107' title='bbox 934 1815 1039 1879; x_wconf 85' lang='lat' dir='ltr'><strong>autem</strong></span> <span class='ocrx_word' id='word_1_108' title='bbox 1062 1815 1121 1891; x_wconf 83' lang='lat' dir='ltr'><strong>est,</strong></span> <span class='ocrx_word' id='word_1_109' title='bbox 1148 1813 1182 1878; x_wconf 89' lang='lat' dir='ltr'><strong>in</strong></span> <span class='ocrx_word' id='word_1_110' title='bbox 1204 1830 1264 1895; x_wconf 86' lang='lat' dir='ltr'><strong>quc</strong></span> <span class='ocrx_word' id='word_1_111' title='bbox 1287 1813 1391 1898; x_wconf 77' lang='lat' dir='ltr'><strong>magis</strong></span> 
     </span>
     <span class='ocr_line' id='line_1_14' title="bbox 260 1902 1390 2001; baseline 0 -19"><span class='ocrx_word' id='word_1_112' title='bbox 260 1917 414 2001; x_wconf 82' lang='lat' dir='ltr'><strong>possimus</strong></span> <span class='ocrx_word' id='word_1_113' title='bbox 440 1902 498 1982; x_wconf 80' lang='lat' dir='ltr'><strong>¹nos</strong></span> <span class='ocrx_word' id='word_1_114' title='bbox 527 1917 615 1980; x_wconf 70' lang='lat' dir='ltr'><strong>uocis</strong></span> <span class='ocrx_word' id='word_1_115' title='bbox 645 1915 721 1980; x_wconf 88' lang='lat' dir='ltr'><strong>satis</strong></span> <span class='ocrx_word' id='word_1_116' title='bbox 743 1915 869 1980; x_wconf 76' lang='lat' dir='ltr'><strong>iacere?</strong></span> <span class='ocrx_word' id='word_1_117' title='bbox 902 1915 960 1982; x_wconf 85' lang='lat' dir='ltr'><strong>filii</strong></span> <span class='ocrx_word' id='word_1_118' title='bbox 982 1918 1080 1982; x_wconf 71' lang='lat' dir='ltr'><strong>umbri</strong></span> <span class='ocrx_word' id='word_1_119' title='bbox 1103 1935 1228 1995; x_wconf 78' lang='lat' dir='ltr'><strong>sumus,</strong></span> <span class='ocrx_word' id='word_1_120' title='bbox 1257 1918 1311 1999; x_wconf 91' lang='lat' dir='ltr'><strong>qui</strong></span> <span class='ocrx_word' id='word_1_121' title='bbox 1333 1934 1390 1982; x_wconf 86' lang='lat' dir='ltr'><strong>uos</strong></span> 
     </span>
     <span class='ocr_line' id='line_1_15' title="bbox 261 2019 1392 2105; baseline 0 -21"><span class='ocrx_word' id='word_1_122' title='bbox 261 2037 417 2105; x_wconf 86' lang='lat' dir='ltr'><strong>rogemus,</strong></span> <span class='ocrx_word' id='word_1_123' title='bbox 447 2021 559 2102; x_wconf 85' lang='lat' dir='ltr'><strong>neptis,</strong></span> <span class='ocrx_word' id='word_1_124' title='bbox 587 2039 641 2102; x_wconf 89' lang='lat' dir='ltr'><strong>per</strong></span> <span class='ocrx_word' id='word_1_125' title='bbox 668 2037 763 2102; x_wconf 85' lang='lat' dir='ltr'><strong>quam</strong></span> <span class='ocrx_word' id='word_1_126' title='bbox 789 2038 953 2102; x_wconf 79' lang='lat' dir='ltr'><strong>rogamus:</strong></span> <span class='ocrx_word' id='word_1_127' title='bbox 981 2022 1112 2102; x_wconf 83' lang='lat' dir='ltr'><strong>parcite,</strong></span> <span class='ocrx_word' id='word_1_128' title='bbox 1141 2019 1317 2104; x_wconf 81' lang='lat' dir='ltr'><strong>indulgete:</strong></span> <span class='ocrx_word' id='word_1_129' title='bbox 1341 2019 1392 2084; x_wconf 84' lang='lat' dir='ltr'><strong>illi</strong></span> 
     </span>
     <span class='ocr_line' id='line_1_16' title="bbox 262 2121 1431 2207; baseline 0.003 -19"><span class='ocrx_word' id='word_1_130' title='bbox 262 2125 399 2207; x_wconf 63' lang='lat' dir='ltr'><strong>beorum,</strong></span> <span class='ocrx_word' id='word_1_131' title='bbox 423 2125 567 2206; x_wconf 85' lang='lat' dir='ltr'><strong>parentes</strong></span> <span class='ocrx_word' id='word_1_132' title='bbox 590 2121 752 2200; x_wconf 79' lang='lat' dir='ltr'><strong>carissimi,</strong></span> <span class='ocrx_word' id='word_1_133' title='bbox 781 2141 835 2206; x_wconf 86' lang='lat' dir='ltr'><strong>pro</strong></span> <span class='ocrx_word' id='word_1_134' title='bbox 859 2141 894 2188; x_wconf 88' lang='lat' dir='ltr'><strong>se</strong></span> <span class='ocrx_word' id='word_1_135' title='bbox 914 2125 1035 2207; x_wconf 82' lang='lat' dir='ltr'><strong>rugant,</strong></span> <span class='ocrx_word' id='word_1_136' title='bbox 1064 2125 1102 2188; x_wconf 86' lang='lat' dir='ltr'><strong>ob</strong></span> <span class='ocrx_word' id='word_1_137' title='bbox 1127 2143 1261 2207; x_wconf 89' lang='lat' dir='ltr'><strong>quorum</strong></span> <span class='ocrx_word' id='word_1_138' title='bbox 1280 2124 1431 2192; x_wconf 77' lang='lat' dir='ltr'><strong>salotisus</strong></span> 
     </span>
     <span class='ocr_line' id='line_1_17' title="bbox 261 2226 1587 2322; baseline 0 -32"><span class='ocrx_word' id='word_1_139' title='bbox 261 2226 388 2292; x_wconf 80' lang='lat' dir='ltr'><strong>nomina</strong></span> <span class='ocrx_word' id='word_1_140' title='bbox 409 2227 507 2292; x_wconf 84' lang='lat' dir='ltr'><strong>etiam</strong></span> <span class='ocrx_word' id='word_1_141' title='bbox 530 2227 684 2291; x_wconf 79' lang='lat' dir='ltr'><strong>extraneis</strong></span> <span class='ocrx_word' id='word_1_142' title='bbox 707 2226 754 2290; x_wconf 90' lang='lat' dir='ltr'><strong>nil</strong></span> <span class='ocrx_word' id='word_1_143' title='bbox 777 2245 901 2310; x_wconf 83' lang='lat' dir='ltr'><strong>negare.</strong></span> <span class='ocrx_word' id='word_1_144' title='bbox 931 2228 1061 2311; x_wconf 82' lang='lat' dir='ltr'><strong>longum</strong></span> <span class='ocrx_word' id='word_1_145' title='bbox 1085 2231 1131 2292; x_wconf 89' lang='lat' dir='ltr'><strong>est</strong></span> <span class='ocrx_word' id='word_1_146' title='bbox 1154 2230 1191 2293; x_wconf 88' lang='lat' dir='ltr'><strong>de</strong></span> <span class='ocrx_word' id='word_1_147' title='bbox 1213 2227 1388 2295; x_wconf 75' lang='lat' dir='ltr'><strong>innumeris</strong></span> <span class='ocrx_word' id='word_1_148' title='bbox 1494 2311 1502 2322; x_wconf 39' lang='lat'><strong>·</strong></span> <span class='ocrx_word' id='word_1_149' title='bbox 1586 2247 1587 2290; x_wconf 69' lang='lat'>1</span> 
     </span>
     <span class='ocr_line' id='line_1_18' title="bbox 260 2330 1390 2420; baseline 0.002 -26"><span class='ocrx_word' id='word_1_150' title='bbox 260 2331 386 2414; x_wconf 87' lang='lat' dir='ltr'><strong>pietatis</strong></span> <span class='ocrx_word' id='word_1_151' title='bbox 420 2333 512 2412; x_wconf 86' lang='lat' dir='ltr'><strong>atque</strong></span> <span class='ocrx_word' id='word_1_152' title='bbox 546 2330 751 2397; x_wconf 86' lang='lat' dir='ltr'><strong>humanitatis</strong></span> <span class='ocrx_word' id='word_1_153' title='bbox 784 2331 933 2414; x_wconf 83' lang='lat' dir='ltr'><strong>exemplis</strong></span> <span class='ocrx_word' id='word_1_154' title='bbox 963 2331 1066 2396; x_wconf 84' lang='lat' dir='ltr'><strong>dicero</strong></span> <span class='ocrx_word' id='word_1_155' title='bbox 1095 2333 1127 2396; x_wconf 91' lang='lat' dir='ltr'><strong>et</strong></span> <span class='ocrx_word' id='word_1_156' title='bbox 1153 2332 1390 2420; x_wconf 83' lang='lat' dir='ltr'><strong>praeposterum</strong></span> 
     </span>
    </p>

    <p class='ocr_par' dir='ltr' id='par_1_7' title="bbox 187 2433 1429 3138">
     <span class='ocr_line' id='line_1_19' title="bbox 187 2433 1389 2517; baseline -0.002 -17"><span class='ocrx_word' id='word_1_157' title='bbox 187 2443 190 2447; x_wconf 85' lang='grc'>’</span> <span class='ocrx_word' id='word_1_158' title='bbox 260 2437 296 2499; x_wconf 83' lang='lat' dir='ltr'><strong>m</strong></span> <span class='ocrx_word' id='word_1_159' title='bbox 326 2436 363 2500; x_wconf 84' lang='lat' dir='ltr'><strong>de</strong></span> <span class='ocrx_word' id='word_1_160' title='bbox 392 2433 561 2500; x_wconf 85' lang='lat' dir='ltr'><strong>maioribus</strong></span> <span class='ocrx_word' id='word_1_161' title='bbox 590 2435 779 2499; x_wconf 82' lang='lat' dir='ltr'><strong>admirere</strong></span> <span class='ocrx_word' id='word_1_162' title='bbox 808 2436 980 2500; x_wconf 89' lang='lat' dir='ltr'><strong>ueniamus.</strong></span> <span class='ocrx_word' id='word_1_163' title='bbox 1015 2435 1068 2500; x_wconf 87' lang='lat' dir='ltr'><strong>sed</strong></span> <span class='ocrx_word' id='word_1_164' title='bbox 1098 2438 1204 2500; x_wconf 88' lang='lat' dir='ltr'><strong>tamen</strong></span> <span class='ocrx_word' id='word_1_165' title='bbox 1233 2433 1276 2517; x_wconf 87' lang='lat' dir='ltr'><strong>id,</strong></span> <span class='ocrx_word' id='word_1_166' title='bbox 1306 2433 1389 2516; x_wconf 80' lang='lat' dir='ltr'><strong>queo</strong></span> 
     </span>
     <span class='ocr_line' id='line_1_20' title="bbox 260 2537 1388 2622; baseline 0 -20"><span class='ocrx_word' id='word_1_167' title='bbox 260 2537 399 2603; x_wconf 74' lang='lat' dir='ltr'><strong>dicturus</strong></span> <span class='ocrx_word' id='word_1_168' title='bbox 422 2557 501 2621; x_wconf 88' lang='lat' dir='ltr'><strong>sum,</strong></span> <span class='ocrx_word' id='word_1_169' title='bbox 532 2541 633 2620; x_wconf 87' lang='lat' dir='ltr'><strong>specie</strong></span> <span class='ocrx_word' id='word_1_170' title='bbox 656 2539 781 2622; x_wconf 87' lang='lat' dir='ltr'><strong>quidem</strong></span> <span class='ocrx_word' id='word_1_171' title='bbox 803 2539 907 2604; x_wconf 90' lang='lat' dir='ltr'><strong>minus</strong></span> <span class='ocrx_word' id='word_1_172' title='bbox 930 2545 988 2616; x_wconf 83' lang='lat' dir='ltr'><strong>est,</strong></span> <span class='ocrx_word' id='word_1_173' title='bbox 1017 2539 1073 2604; x_wconf 86' lang='lat' dir='ltr'><strong>sed</strong></span> <span class='ocrx_word' id='word_1_174' title='bbox 1101 2541 1262 2604; x_wconf 74' lang='lat' dir='ltr'><strong>amorre</strong></span> <span class='ocrx_word' id='word_1_175' title='bbox 1285 2538 1388 2602; x_wconf 85' lang='lat' dir='ltr'><strong>minus</strong></span> 
     </span>
     <span class='ocr_line' id='line_1_21' title="bbox 208 2641 1429 2725; baseline -0.002 -15"><span class='ocrx_word' id='word_1_176' title='bbox 208 2645 322 2710; x_wconf 80' lang='lat' dir='ltr'><strong>24non</strong></span> <span class='ocrx_word' id='word_1_177' title='bbox 346 2645 400 2706; x_wconf 89' lang='lat' dir='ltr'><strong>eet.</strong></span> <span class='ocrx_word' id='word_1_178' title='bbox 434 2659 581 2725; x_wconf 87' lang='lat' dir='ltr'><strong>perorans</strong></span> <span class='ocrx_word' id='word_1_179' title='bbox 610 2641 767 2724; x_wconf 87' lang='lat' dir='ltr'><strong>quondam</strong></span> <span class='ocrx_word' id='word_1_180' title='bbox 795 2660 849 2724; x_wconf 89' lang='lat' dir='ltr'><strong>pre</strong></span> <span class='ocrx_word' id='word_1_181' title='bbox 872 2643 1009 2724; x_wconf 86' lang='lat' dir='ltr'><strong>periculo</strong></span> <span class='ocrx_word' id='word_1_182' title='bbox 1032 2642 1273 2708; x_wconf 79' lang='lat' dir='ltr'><strong>existimationis</strong></span> <span class='ocrx_word' id='word_1_183' title='bbox 1294 2643 1429 2721; x_wconf 73' lang='lat' dir='ltr'><strong>atquem</strong></span> 
     </span>
     <span class='ocr_line' id='line_1_22' title="bbox 260 2741 1388 2827; baseline -0.001 -18"><span class='ocrx_word' id='word_1_184' title='bbox 260 2741 486 2810; x_wconf 79' lang='lat' dir='ltr'><strong>incolumitatis</strong></span> <span class='ocrx_word' id='word_1_185' title='bbox 515 2763 591 2808; x_wconf 88' lang='lat' dir='ltr'><strong>suae</strong></span> <span class='ocrx_word' id='word_1_186' title='bbox 620 2747 653 2809; x_wconf 92' lang='lat' dir='ltr'><strong>in</strong></span> <span class='ocrx_word' id='word_1_187' title='bbox 684 2745 822 2810; x_wconf 85' lang='lat' dir='ltr'><strong>Romano</strong></span> <span class='ocrx_word' id='word_1_188' title='bbox 853 2745 918 2810; x_wconf 88' lang='lat' dir='ltr'><strong>foro</strong></span> <span class='ocrx_word' id='word_1_189' title='bbox 949 2745 1086 2812; x_wconf 77' lang='lat' dir='ltr'><strong>Seruius·</strong></span> <span class='ocrx_word' id='word_1_190' title='bbox 1105 2743 1214 2827; x_wconf 78' lang='lat' dir='ltr'><strong>Galba,</strong></span> <span class='ocrx_word' id='word_1_191' title='bbox 1248 2762 1320 2818; x_wconf 80' lang='lat' dir='ltr'><strong>eum</strong></span> <span class='ocrx_word' id='word_1_192' title='bbox 1349 2743 1388 2808; x_wconf 88' lang='lat' dir='ltr'><strong>cb</strong></span> 
     </span>
     <span class='ocr_line' id='line_1_23' title="bbox 260 2845 1389 2932; baseline -0.004 -20"><span class='ocrx_word' id='word_1_193' title='bbox 260 2847 479 2914; x_wconf 81' lang='lat' dir='ltr'><strong>difficultatem</strong></span> <span class='ocrx_word' id='word_1_194' title='bbox 501 2849 619 2930; x_wconf 85' lang='lat' dir='ltr'><strong>negotii</strong></span> <span class='ocrx_word' id='word_1_195' title='bbox 642 2851 673 2913; x_wconf 94' lang='lat' dir='ltr'><strong>et</strong></span> <span class='ocrx_word' id='word_1_196' title='bbox 695 2849 847 2914; x_wconf 71' lang='lat' dir='ltr'><strong>inuidiam</strong></span> <span class='ocrx_word' id='word_1_197' title='bbox 870 2849 947 2915; x_wconf 83' lang='lat' dir='ltr'><strong>facti</strong></span> <span class='ocrx_word' id='word_1_198' title='bbox 971 2851 1019 2914; x_wconf 90' lang='lat' dir='ltr'><strong>sui</strong></span> <span class='ocrx_word' id='word_1_199' title='bbox 1041 2867 1152 2932; x_wconf 84' lang='lat' dir='ltr'><strong>parurn</strong></span> <span class='ocrx_word' id='word_1_200' title='bbox 1171 2867 1231 2914; x_wconf 90' lang='lat' dir='ltr'><strong>non</strong></span> <span class='ocrx_word' id='word_1_201' title='bbox 1247 2847 1339 2912; x_wconf 81' lang='lat' dir='ltr'><strong>morlo</strong></span> <span class='ocrx_word' id='word_1_202' title='bbox 1356 2845 1389 2908; x_wconf 89' lang='lat' dir='ltr'><strong>in</strong></span> 
     </span>
     <span class='ocr_line' id='line_1_24' title="bbox 261 2949 1388 3037; baseline -0.004 -20"><span class='ocrx_word' id='word_1_203' title='bbox 261 2969 356 3018; x_wconf 87' lang='lat' dir='ltr'><strong>causa</strong></span> <span class='ocrx_word' id='word_1_204' title='bbox 383 2953 435 3016; x_wconf 77' lang='lat' dir='ltr'><strong>scil</strong></span> <span class='ocrx_word' id='word_1_205' title='bbox 459 2952 555 3016; x_wconf 86' lang='lat' dir='ltr'><strong>etiam</strong></span> <span class='ocrx_word' id='word_1_206' title='bbox 578 2951 611 3018; x_wconf 92' lang='lat' dir='ltr'><strong>in</strong></span> <span class='ocrx_word' id='word_1_207' title='bbox 634 2952 811 3035; x_wconf 87' lang='lat' dir='ltr'><strong>eloquentia</strong></span> <span class='ocrx_word' id='word_1_208' title='bbox 836 2955 902 3036; x_wconf 87' lang='lat' dir='ltr'><strong>spei</strong></span> <span class='ocrx_word' id='word_1_209' title='bbox 924 2955 1060 3037; x_wconf 87' lang='lat' dir='ltr'><strong>poneret,</strong></span> <span class='ocrx_word' id='word_1_210' title='bbox 1084 2955 1151 3018; x_wconf 87' lang='lat' dir='ltr'><strong>arte</strong></span> <span class='ocrx_word' id='word_1_211' title='bbox 1172 2969 1247 3016; x_wconf 85' lang='lat' dir='ltr'><strong>usus</strong></span> <span class='ocrx_word' id='word_1_212' title='bbox 1268 2950 1328 3030; x_wconf 86' lang='lat' dir='ltr'><strong>est,</strong></span> <span class='ocrx_word' id='word_1_213' title='bbox 1353 2949 1388 3012; x_wconf 92' lang='lat' dir='ltr'><strong>ut</strong></span> 
     </span>
     <span class='ocr_line' id='line_1_25' title="bbox 259 3054 1387 3138; baseline -0.004 -20"><span class='ocrx_word' id='word_1_214' title='bbox 259 3054 398 3120; x_wconf 86' lang='lat' dir='ltr'><strong>iudicum</strong></span> <span class='ocrx_word' id='word_1_215' title='bbox 414 3056 543 3130; x_wconf 88' lang='lat' dir='ltr'><strong>animos,</strong></span> <span class='ocrx_word' id='word_1_216' title='bbox 567 3073 642 3137; x_wconf 85' lang='lat' dir='ltr'><strong>qnos</strong></span> <span class='ocrx_word' id='word_1_217' title='bbox 658 3055 819 3121; x_wconf 81' lang='lat' dir='ltr'><strong>inflectere</strong></span> <span class='ocrx_word' id='word_1_218' title='bbox 841 3074 965 3138; x_wconf 88' lang='lat' dir='ltr'><strong>procum</strong></span> <span class='ocrx_word' id='word_1_219' title='bbox 982 3057 1154 3120; x_wconf 85' lang='lat' dir='ltr'><strong>ambitione</strong></span> <span class='ocrx_word' id='word_1_220' title='bbox 1176 3055 1387 3136; x_wconf 68' lang='lat' dir='ltr'><strong>conpotem,</strong></span> 
     </span>
    </p>

    <p class='ocr_par' dir='ltr' id='par_1_8' title="bbox 255 3155 1428 3652">
     <span class='ocr_line' id='line_1_26' title="bbox 259 3155 1428 3242; baseline -0.003 -20"><span class='ocrx_word' id='word_1_221' title='bbox 259 3175 362 3223; x_wconf 89' lang='lat' dir='ltr'><strong>rerum</strong></span> <span class='ocrx_word' id='word_1_222' title='bbox 396 3159 566 3239; x_wconf 82' lang='lat' dir='ltr'><strong>temptaret</strong></span> <span class='ocrx_word' id='word_1_223' title='bbox 601 3158 724 3223; x_wconf 86' lang='lat' dir='ltr'><strong>affeetu.</strong></span> <span class='ocrx_word' id='word_1_224' title='bbox 761 3157 867 3241; x_wconf 87' lang='lat' dir='ltr'><strong>itaque</strong></span> <span class='ocrx_word' id='word_1_225' title='bbox 900 3160 1094 3242; x_wconf 82' lang='lat' dir='ltr'><strong>consumptis</strong></span> <span class='ocrx_word' id='word_1_226' title='bbox 1123 3160 1188 3223; x_wconf 92' lang='lat' dir='ltr'><strong>iam</strong></span> <span class='ocrx_word' id='word_1_227' title='bbox 1215 3155 1428 3228; x_wconf 55' lang='lat' dir='ltr'><strong>admodum„</strong></span> 
     </span>
     <span class='ocr_line' id='line_1_27' title="bbox 257 3261 1387 3346; baseline -0.004 -22"><span class='ocrx_word' id='word_1_228' title='bbox 257 3261 380 3326; x_wconf 82' lang='lat' dir='ltr'><strong>cunctis</strong></span> <span class='ocrx_word' id='word_1_229' title='bbox 415 3261 564 3326; x_wconf 85' lang='lat' dir='ltr'><strong>oratoriae</strong></span> <span class='ocrx_word' id='word_1_230' title='bbox 598 3262 675 3326; x_wconf 83' lang='lat' dir='ltr'><strong>antis</strong></span> <span class='ocrx_word' id='word_1_231' title='bbox 710 3261 889 3346; x_wconf 71' lang='lat' dir='ltr'><strong>ingeniique</strong></span> <span class='ocrx_word' id='word_1_232' title='bbox 920 3262 1084 3338; x_wconf 84' lang='lat' dir='ltr'><strong>subsidiis,</strong></span> <span class='ocrx_word' id='word_1_233' title='bbox 1119 3280 1191 3325; x_wconf 89' lang='lat' dir='ltr'><strong>cum</strong></span> <span class='ocrx_word' id='word_1_234' title='bbox 1218 3275 1387 3341; x_wconf 75' lang='lat' dir='ltr'><strong>parum-se</strong></span> 
     </span>
     <span class='ocr_line' id='line_1_28' title="bbox 256 3357 1387 3450; baseline -0.006 -23"><span class='ocrx_word' id='word_1_235' title='bbox 256 3365 447 3450; x_wconf 84' lang='lat' dir='ltr'><strong>promouisse</strong></span> <span class='ocrx_word' id='word_1_236' title='bbox 462 3364 677 3439; x_wconf 82' lang='lat' dir='ltr'><strong>intellexisset,</strong></span> <span class='ocrx_word' id='word_1_237' title='bbox 702 3366 875 3446; x_wconf 87' lang='lat' dir='ltr'><strong>paruolum,</strong></span> <span class='ocrx_word' id='word_1_238' title='bbox 892 3383 987 3447; x_wconf 90' lang='lat' dir='ltr'><strong>quem</strong></span> <span class='ocrx_word' id='word_1_239' title='bbox 999 3382 1107 3428; x_wconf 86' lang='lat' dir='ltr'><strong>seeum</strong></span> <span class='ocrx_word' id='word_1_240' title='bbox 1123 3362 1269 3442; x_wconf 81' lang='lat' dir='ltr'><strong>habebat,</strong></span> <span class='ocrx_word' id='word_1_241' title='bbox 1284 3357 1387 3435; x_wconf 72' lang='lat' dir='ltr'><strong>Galli,</strong></span> 
     </span>
     <span class='ocr_line' id='line_1_29' title="bbox 255 3461 1390 3550; baseline -0.005 -20"><span class='ocrx_word' id='word_1_242' title='bbox 255 3467 295 3531; x_wconf 88' lang='lat' dir='ltr'><strong>ut</strong></span> <span class='ocrx_word' id='word_1_243' title='bbox 317 3467 380 3531; x_wconf 88' lang='lat' dir='ltr'><strong>illis</strong></span> <span class='ocrx_word' id='word_1_244' title='bbox 403 3468 594 3549; x_wconf 88' lang='lat' dir='ltr'><strong>temporibus</strong></span> <span class='ocrx_word' id='word_1_245' title='bbox 614 3467 799 3550; x_wconf 53' lang='lat' dir='ltr'><strong>‘uidebatum</strong></span> <span class='ocrx_word' id='word_1_246' title='bbox 823 3467 991 3532; x_wconf 86' lang='lat' dir='ltr'><strong>clarissimi</strong></span> <span class='ocrx_word' id='word_1_247' title='bbox 1014 3469 1046 3531; x_wconf 86' lang='lat' dir='ltr'><strong>et</strong></span> <span class='ocrx_word' id='word_1_248' title='bbox 1068 3485 1166 3548; x_wconf 83' lang='lat' dir='ltr'><strong>nupon</strong></span> <span class='ocrx_word' id='word_1_249' title='bbox 1187 3462 1303 3530; x_wconf 83' lang='lat' dir='ltr'><strong>mortui</strong></span> <span class='ocrx_word' id='word_1_250' title='bbox 1325 3461 1390 3526; x_wconf 88' lang='lat' dir='ltr'><strong>uiri</strong></span> 
     </span>
     <span class='ocr_line' id='line_1_30' title="bbox 256 3565 1389 3652; baseline -0.002 -20"><span class='ocrx_word' id='word_1_251' title='bbox 256 3567 368 3651; x_wconf 78' lang='lat' dir='ltr'><strong>tilium,</strong></span> <span class='ocrx_word' id='word_1_252' title='bbox 403 3573 434 3634; x_wconf 85' lang='lat' dir='ltr'><strong>et</strong></span> <span class='ocrx_word' id='word_1_253' title='bbox 461 3588 574 3652; x_wconf 85' lang='lat' dir='ltr'><strong>paruas</strong></span> <span class='ocrx_word' id='word_1_254' title='bbox 607 3571 680 3634; x_wconf 88' lang='lat' dir='ltr'><strong>ante</strong></span> <span class='ocrx_word' id='word_1_255' title='bbox 712 3571 861 3636; x_wconf 87' lang='lat' dir='ltr'><strong>subsellia</strong></span> <span class='ocrx_word' id='word_1_256' title='bbox 894 3571 1072 3636; x_wconf 89' lang='lat' dir='ltr'><strong>auditorum</strong></span> <span class='ocrx_word' id='word_1_257' title='bbox 1101 3569 1221 3636; x_wconf 85' lang='lat' dir='ltr'><strong>indoles</strong></span> <span class='ocrx_word' id='word_1_258' title='bbox 1251 3583 1322 3632; x_wconf 85' lang='lat' dir='ltr'><strong>suas</strong></span> <span class='ocrx_word' id='word_1_259' title='bbox 1352 3565 1389 3630; x_wconf 83' lang='lat' dir='ltr'><strong>in</strong></span> 
     </span>
    </p>
   </div>
   <div class='ocr_carea' id='block_1_3' title="bbox 255 3823 1396 4499">
    <p class='ocr_par' dir='ltr' id='par_1_9' title="bbox 255 3823 1396 4499">
     <span class='ocr_line' id='line_1_31' title="bbox 291 3823 1391 3892; baseline 0 -12"><span class='ocrx_word' id='word_1_260' title='bbox 291 3825 429 3880; x_wconf 76' lang='lat' dir='ltr'><strong>stilio</strong></span> <span class='ocrx_word' id='word_1_261' title='bbox 530 3825 604 3891; x_wconf 76' lang='lat' dir='ltr'><strong>‘fort</strong></span> <span class='ocrx_word' id='word_1_262' title='bbox 627 3826 734 3879; x_wconf 87' lang='lat' dir='ltr'><strong>iniuste’</strong></span> <span class='ocrx_word' id='word_1_263' title='bbox 758 3827 889 3880; x_wconf 75' lang='lat' dir='ltr'><strong>Halmius</strong></span> <span class='ocrx_word' id='word_1_264' title='bbox 994 3827 1027 3880; x_wconf 86' lang='lat'><strong>13</strong></span> <span class='ocrx_word' id='word_1_265' title='bbox 1050 3842 1099 3878; x_wconf 84' lang='lat' dir='ltr'><strong>nce</strong></span> <span class='ocrx_word' id='word_1_266' title='bbox 1121 3823 1198 3878; x_wconf 87' lang='lat' dir='ltr'><strong>uobis</strong></span> <span class='ocrx_word' id='word_1_267' title='bbox 1222 3827 1290 3892; x_wconf 77' lang='lat' dir='ltr'><strong>(aaa</strong></span> <span class='ocrx_word' id='word_1_268' title='bbox 1306 3825 1391 3880; x_wconf 88' lang='lat' dir='ltr'><strong>uobis</strong></span> 
     </span>
     <span class='ocr_line' id='line_1_32' title="bbox 257 3907 1390 3982; baseline 0.001 -17"><span class='ocrx_word' id='word_1_269' title='bbox 257 3911 432 3974; x_wconf 66' lang='lat' dir='ltr'><strong>aeeclesia.)</strong></span> <span class='ocrx_word' id='word_1_270' title='bbox 455 3912 479 3967; x_wconf 86' lang='lat'><em>0</em></span> <span class='ocrx_word' id='word_1_271' title='bbox 564 3913 597 3966; x_wconf 90' lang='grc'><strong>14</strong></span> <span class='ocrx_word' id='word_1_272' title='bbox 613 3912 752 3982; x_wconf 85' lang='lat' dir='ltr'><strong>indulgete</strong></span> <span class='ocrx_word' id='word_1_273' title='bbox 766 3913 911 3980; x_wconf 84' lang='lat' dir='ltr'><strong>(indulgite</strong></span> <span class='ocrx_word' id='word_1_274' title='bbox 926 3913 972 3980; x_wconf 75' lang='lat' dir='ltr'><strong>GJ:</strong></span> <span class='ocrx_word' id='word_1_275' title='bbox 991 3912 1033 3965; x_wconf 92' lang='lat' dir='ltr'><strong>illi</strong></span> <span class='ocrx_word' id='word_1_276' title='bbox 1051 3907 1070 3962; x_wconf 82' lang='lat' dir='ltr'><strong>&#39;s</strong></span> <span class='ocrx_word' id='word_1_277' title='bbox 1087 3927 1179 3965; x_wconf 81' lang='lat' dir='ltr'><strong>eorum</strong></span> <span class='ocrx_word' id='word_1_278' title='bbox 1196 3912 1236 3966; x_wconf 80' lang='lat' dir='ltr'><strong>sic</strong></span> <span class='ocrx_word' id='word_1_279' title='bbox 1254 3911 1390 3966; x_wconf 73' lang='lat' dir='ltr'><strong>Helonius</strong></span> 
     </span>
     <span class='ocr_line' id='line_1_33' title="bbox 256 3979 1392 4067; baseline -0.002 -15"><span class='ocrx_word' id='word_1_280' title='bbox 256 3999 395 4067; x_wconf 83' lang='lat' dir='ltr'><strong>indulgete</strong></span> <span class='ocrx_word' id='word_1_281' title='bbox 417 3997 468 4051; x_wconf 90' lang='lat' dir='ltr'><strong>illi.</strong></span> <span class='ocrx_word' id='word_1_282' title='bbox 492 3997 589 4051; x_wconf 80' lang='lat' dir='ltr'><strong>Eorum</strong></span> <span class='ocrx_word' id='word_1_283' title='bbox 615 3997 693 4065; x_wconf 52' lang='lat' dir='ltr'><strong>each</strong></span> <span class='ocrx_word' id='word_1_284' title='bbox 719 3998 787 4064; x_wconf 79' lang='lat' dir='ltr'><strong>fort.</strong></span> <span class='ocrx_word' id='word_1_285' title='bbox 808 4000 840 4053; x_wconf 78' lang='lat' dir='ltr'><strong>ia</strong></span> <span class='ocrx_word' id='word_1_286' title='bbox 863 4014 954 4052; x_wconf 88' lang='lat' dir='ltr'><strong>eorum</strong></span> <span class='ocrx_word' id='word_1_287' title='bbox 973 3999 1058 4052; x_wconf 81' lang='lat' dir='ltr'><strong>latore</strong></span> <span class='ocrx_word' id='word_1_288' title='bbox 1074 3979 1336 4051; x_wconf 61' lang='lat' dir='ltr'><strong>coramouoaimcs</strong></span> <span class='ocrx_word' id='word_1_289' title='bbox 1354 3997 1392 4050; x_wconf 74' lang='lat' dir='ltr'><strong>icc</strong></span> 
     </span>
     <span class='ocr_line' id='line_1_34' title="bbox 257 4082 1394 4153; baseline -0.002 -13"><span class='ocrx_word' id='word_1_290' title='bbox 257 4085 408 4142; x_wconf 69' lang='lat' dir='ltr'><strong>sits-Ber.</strong></span> <span class='ocrx_word' id='word_1_291' title='bbox 423 4101 454 4153; x_wconf 77' lang='lat' dir='ltr'><strong>p.</strong></span> <span class='ocrx_word' id='word_1_292' title='bbox 473 4087 509 4139; x_wconf 85' lang='lat'><strong>39</strong></span> <span class='ocrx_word' id='word_1_293' title='bbox 613 4085 646 4138; x_wconf 88' lang='grc'><strong>19</strong></span> <span class='ocrx_word' id='word_1_294' title='bbox 667 4084 801 4152; x_wconf 73' lang='lat' dir='ltr'><strong>speciei)</strong></span> <span class='ocrx_word' id='word_1_295' title='bbox 903 4085 934 4138; x_wconf 80' lang='lat'><strong>21</strong></span> <span class='ocrx_word' id='word_1_296' title='bbox 954 4083 1192 4138; x_wconf 75' lang='lat' dir='ltr'><strong>incolomitatisil</strong></span> <span class='ocrx_word' id='word_1_297' title='bbox 1292 4082 1348 4136; x_wconf 85' lang='lat' dir='ltr'><strong>iore</strong></span> <span class='ocrx_word' id='word_1_298' title='bbox 1367 4099 1394 4138; x_wconf 76' lang='lat' dir='ltr'><strong>a.</strong></span> 
     </span>
     <span class='ocr_line' id='line_1_35' title="bbox 256 4171 1395 4238; baseline -0.001 -13"><span class='ocrx_word' id='word_1_299' title='bbox 256 4187 305 4227; x_wconf 80' lang='lat' dir='ltr'><strong>scr.</strong></span> <span class='ocrx_word' id='word_1_300' title='bbox 330 4187 345 4223; x_wconf 88' lang='grc' dir='ltr'>ο</span> <span class='ocrx_word' id='word_1_301' title='bbox 368 4176 436 4225; x_wconf 85' lang='lat' dir='ltr'><strong>m.1</strong></span> <span class='ocrx_word' id='word_1_302' title='bbox 463 4171 638 4236; x_wconf 58' lang='lat' dir='ltr'><strong>Mastaura</strong></span> <span class='ocrx_word' id='word_1_303' title='bbox 663 4186 719 4224; x_wconf 79' lang='lat' dir='ltr'><strong>coa</strong></span> <span class='ocrx_word' id='word_1_304' title='bbox 744 4172 933 4238; x_wconf 68' lang='lat' dir='ltr'><strong>praeimmittc</strong></span> <span class='ocrx_word' id='word_1_305' title='bbox 957 4171 990 4224; x_wconf 81' lang='lat' dir='ltr'><strong>a&#39;n</strong></span> <span class='ocrx_word' id='word_1_306' title='bbox 1012 4171 1144 4236; x_wconf 75' lang='lat' dir='ltr'><strong>insectere</strong></span> <span class='ocrx_word' id='word_1_307' title='bbox 1166 4183 1252 4238; x_wconf 66' lang='lat' dir='ltr'><strong>mara.</strong></span> <span class='ocrx_word' id='word_1_308' title='bbox 1275 4183 1328 4222; x_wconf 83' lang='lat' dir='ltr'><strong>rec.</strong></span> <span class='ocrx_word' id='word_1_309' title='bbox 1351 4183 1395 4224; x_wconf 78' lang='lat' dir='ltr'><strong>m.</strong></span> 
     </span>
     <span class='ocr_line' id='line_1_36' title="bbox 255 4255 1396 4326; baseline 0 -14"><span class='ocrx_word' id='word_1_310' title='bbox 255 4257 420 4312; x_wconf 77' lang='lat' dir='ltr'><strong>oacccorma</strong></span> <span class='ocrx_word' id='word_1_311' title='bbox 443 4273 513 4312; x_wconf 81' lang='lat' dir='ltr'><strong>esee:</strong></span> <span class='ocrx_word' id='word_1_312' title='bbox 536 4258 568 4311; x_wconf 87' lang='lat' dir='ltr'><strong>de</strong></span> <span class='ocrx_word' id='word_1_313' title='bbox 592 4257 685 4311; x_wconf 88' lang='lat' dir='ltr'><strong>Seruio</strong></span> <span class='ocrx_word' id='word_1_314' title='bbox 703 4257 790 4310; x_wconf 80' lang='lat' dir='ltr'><strong>Galba</strong></span> <span class='ocrx_word' id='word_1_315' title='bbox 811 4257 876 4312; x_wconf 88' lang='lat' dir='ltr'><strong>haec</strong></span> <span class='ocrx_word' id='word_1_316' title='bbox 899 4257 1014 4326; x_wconf 86' lang='lat' dir='ltr'><strong>sumpsit</strong></span> <span class='ocrx_word' id='word_1_317' title='bbox 1032 4273 1049 4309; x_wconf 86' lang='lat' dir='ltr'><strong>a</strong></span> <span class='ocrx_word' id='word_1_318' title='bbox 1066 4255 1190 4310; x_wconf 83' lang='lat' dir='ltr'><strong>Cicerone</strong></span> <span class='ocrx_word' id='word_1_319' title='bbox 1212 4257 1241 4308; x_wconf 90' lang='lat' dir='ltr'><strong>in</strong></span> <span class='ocrx_word' id='word_1_320' title='bbox 1264 4255 1335 4308; x_wconf 85' lang='lat' dir='ltr'><strong>libre</strong></span> <span class='ocrx_word' id='word_1_321' title='bbox 1353 4255 1396 4312; x_wconf 81' lang='lat' dir='ltr'><strong>&lt;le</strong></span> 
     </span>
     <span class='ocr_line' id='line_1_37' title="bbox 256 4342 1318 4412; baseline -0.003 -16"><span class='ocrx_word' id='word_1_322' title='bbox 256 4342 337 4397; x_wconf 87' lang='lat' dir='ltr'><strong>claris</strong></span> <span class='ocrx_word' id='word_1_323' title='bbox 361 4344 523 4412; x_wconf 84' lang='lat' dir='ltr'><strong>oratoribus)</strong></span> <span class='ocrx_word' id='word_1_324' title='bbox 628 4343 663 4398; x_wconf 76' lang='lat'><strong>25</strong></span> <span class='ocrx_word' id='word_1_325' title='bbox 687 4345 851 4412; x_wconf 88' lang='lat' dir='ltr'><strong>consumptis</strong></span> <span class='ocrx_word' id='word_1_326' title='bbox 870 4359 904 4398; x_wconf 80' lang='lat' dir='ltr'><strong>occ</strong></span> <span class='ocrx_word' id='word_1_327' title='bbox 920 4345 1096 4412; x_wconf 83' lang='lat' dir='ltr'><strong>consumptus</strong></span> <span class='ocrx_word' id='word_1_328' title='bbox 1117 4343 1226 4398; x_wconf 76' lang='lat' dir='ltr'><strong>Occcr.</strong></span> <span class='ocrx_word' id='word_1_329' title='bbox 1242 4358 1278 4396; x_wconf 79' lang='lat' dir='ltr'><strong>ec.</strong></span> <span class='ocrx_word' id='word_1_330' title='bbox 1297 4343 1318 4393; x_wconf 80' lang='lat'><em>2</em></span> 
     </span>
     <span class='ocr_line' id='line_1_38' title="bbox 255 4429 841 4499; baseline 0 -17"><span class='ocrx_word' id='word_1_331' title='bbox 255 4429 288 4483; x_wconf 78' lang='lat'><strong>27</strong></span> <span class='ocrx_word' id='word_1_332' title='bbox 307 4431 448 4499; x_wconf 88' lang='lat' dir='ltr'><strong>paruulum</strong></span> <span class='ocrx_word' id='word_1_333' title='bbox 466 4429 510 4484; x_wconf 83' lang='lat' dir='ltr'><strong>laio</strong></span> <span class='ocrx_word' id='word_1_334' title='bbox 531 4430 565 4498; x_wconf 82' lang='lat'><strong>03</strong></span> <span class='ocrx_word' id='word_1_335' title='bbox 587 4429 639 4496; x_wconf 73' lang='lat' dir='ltr'><strong>cfr.</strong></span> <span class='ocrx_word' id='word_1_336' title='bbox 657 4445 745 4497; x_wconf 81' lang='lat' dir='ltr'><strong>supro</strong></span> <span class='ocrx_word' id='word_1_337' title='bbox 761 4435 787 4494; x_wconf 64' lang='grc' dir='ltr'><strong>ς.</strong></span> <span class='ocrx_word' id='word_1_338' title='bbox 806 4432 841 4484; x_wconf 84' lang='grc'><strong>15</strong></span> 
     </span>
    </p>
   </div>
   <div class='ocr_carea' id='block_1_4' title="bbox 0 0 1594 5100">
    <p class='ocr_par' dir='ltr' id='par_1_10' title="bbox 0 0 1594 5100">
     <span class='ocr_line' id='line_1_39' title="bbox 0 0 1594 5100; baseline 0 3"><span class='ocrx_word' id='word_1_339' title='bbox 0 0 1594 5100; x_wconf 95' lang='lat' dir='ltr'><strong> </strong></span> 
     </span>
    </p>
   </div>
  </div>
 </body>
</html>
