3132 5096
291 505 354 572 110
390 547 392 550 -
776 508 931 565 Saluiani

293 697 462 764 bestiarum
497 717 557 766 non
590 701 737 766 rexerunt
772 699 905 767 traditos
938 696 1001 766 sibi
1033 700 1087 767 sed
1120 701 1322 782 denotarunt,
1361 719 1418 768 nec

291 801 398 883 spoliis
431 802 557 867 tantum
590 801 770 882 hominum,
805 805 841 869 nrt
871 803 1010 887 plerique
1042 803 1179 869 latrones
1213 804 1329 888 solent,
1362 802 1419 869 sed

239 901 283 970 26
291 902 478 969 laceratione
499 903 596 969 etiam
612 908 653 984 et,
672 908 708 969 ut
723 906 767 972 ita
783 905 896 987 dicam,
912 906 1060 991 sanguine
1075 907 1291 990 pascebantur.
1320 925 1356 973 ac
1366 906 1419 973 ¹sic

291 1006 397 1072 actum
431 1008 494 1082 est,
532 1009 568 1073 ut
602 1006 774 1074 latrociniis
811 1007 951 1076 indicum
988 1009 1181 1094 strangulati
1212 1009 1353 1076 homines
1386 1015 1420 1076 et
1555 1085 1556 1106 χ

291 1108 394 1175 necati
416 1108 590 1193 inciperent
611 1128 680 1176 esse
702 1112 794 1195 qnasi
812 1110 948 1192 barbari,
979 1113 1051 1197 quia
1072 1130 1134 1179 non
1155 1111 1420 1196 permittebantur
1441 1133 1454 1176 a
1555 1107 1556 1148 ³

255 1226 257 1233 ’
291 1229 360 1278 esse
382 1212 523 1278 Romani.
562 1211 787 1296 adquieuerunt
820 1216 903 1281 enim
937 1232 1005 1282 esse
1035 1218 1116 1300 quod
1139 1233 1200 1283 non
1223 1219 1322 1295 erant,
1346 1219 1421 1301 quia

292 1332 354 1380 non
385 1317 647 1398 permittebantur
676 1335 742 1384 esse
770 1317 852 1401 quod
874 1319 1008 1402 fuerant,
1042 1319 1200 1403 coactique
1223 1323 1297 1386 suut
1318 1321 1420 1386 uitam

291 1418 400 1484 saltim
433 1419 607 1506 defendere,
643 1421 717 1504 quia
744 1439 778 1486 se
800 1421 865 1488 iem
897 1422 1079 1489 libertatem
1111 1422 1263 1490 uidebant
1294 1423 1419 1508 penitae

290 1513 475 1604 perdidisse.
500 1526 556 1590 ant
571 1523 647 1607 quid
663 1524 748 1590 ahud
763 1525 859 1590 etiam
876 1543 958 1592 nune
973 1526 1089 1612 agitur,
1112 1543 1206 1612 quam
1221 1527 1298 1593 tnnc
1313 1528 1421 1594 actum

293 1626 351 1709 est,
374 1625 406 1692 id
429 1631 485 1704 est,
512 1630 549 1693 ut
570 1627 625 1711 qui
646 1628 746 1694 adhuc
768 1628 931 1694 Bacandse
958 1648 1020 1696 non
1048 1634 1122 1696 sunt
1148 1649 1215 1698 esse
1244 1630 1454 1716 coganturlrc
1556 1631 1557 1646 ,

293 1729 444 1810 qnantum
473 1729 556 1796 enim
579 1731 620 1797 ad
641 1732 709 1797 uim
736 1735 829 1815 atque
856 1731 988 1798 iniurias
1010 1733 1157 1818 pertinet,
1188 1734 1421 1818 compelluntur

292 1835 329 1896 ut
352 1833 453 1899 uelint
473 1853 551 1918 esse,
579 1837 633 1904 sed
660 1834 869 1903 inbecillitate
891 1837 1106 1922 impediuntur
1126 1838 1163 1903 nt
1184 1854 1247 1903 nou
1268 1837 1342 1904 sint.
1377 1839 1422 1902 sic

293 1941 368 2000 sunt
398 1955 471 2023 ergo
503 1941 591 2023 qnasi
623 1939 743 2024 captiui
770 1941 844 2026 ingo
874 1941 1014 2008 hostium
1035 1941 1151 2026 pressi:
1185 1941 1323 2008 tolerant
1345 1957 1420 2022 snp-

293 2037 424 2119 plicium
448 2044 634 2110 necessitate
649 2063 710 2111 non
725 2049 813 2111 noto:
837 2045 940 2111 animo
962 2046 1141 2112 desiderant
1162 2044 1343 2111 libertatem
1366 2041 1421 2108 sed

294 2160 450 2215 summam
472 2147 629 2215 sustinent
651 2148 846 2214 seruitutem.
1431 2174 1459 2216 re.
1545 2147 1559 2234 j

241 2242 283 2309 27
337 2247 409 2314 VII.
444 2251 494 2318 Ita
522 2270 595 2338 ergo
617 2256 650 2319 et
671 2271 743 2319 enm
770 2252 914 2319 omnibus
936 2252 1036 2320 ferme
1056 2250 1276 2320 humilioribus
1298 2249 1420 2334 agitur:
1558 2235 1559 2254 ¹

293 2370 359 2422 una,
385 2356 468 2422 enim
496 2373 529 2422 re
558 2355 599 2421 ad
629 2358 705 2423 duas
735 2355 963 2424 diuersissimas
993 2355 1182 2422 coartantur.
1220 2355 1268 2420 uis
1298 2368 1422 2418 summu

293 2459 389 2542 erigit
411 2461 447 2524 ut
468 2459 627 2543 adspirare
654 2460 687 2524 in
717 2457 897 2526 libertatem
919 2458 1030 2535 uelint,
1053 2458 1108 2525 sed
1130 2458 1239 2524 eadem
1261 2456 1310 2523 uis
1331 2472 1421 2539 posse

293 2580 355 2627 non
383 2563 459 2628 sinit
487 2581 566 2648 qnae
594 2562 678 2629 uelle
707 2563 874 2644 compellit.
912 2562 967 2629 sed
989 2561 1139 2646 imputari
1161 2562 1210 2626 hie
1233 2561 1335 2644 potest
1357 2559 1421 2625 lor-

294 2665 387 2746 sitan,
422 2668 502 2750 quod
537 2667 596 2733 hoc
628 2666 729 2732 uelint
761 2665 914 2744 homines,
949 2665 1003 2750 qui
1026 2665 1106 2732 nihil
1127 2667 1229 2749 magis
1263 2663 1457 2749 cuperent»

295 2787 389 2851 qnam
411 2789 450 2835 ne
473 2772 653 2854 cogerentur
685 2767 745 2835 hoc
778 2768 876 2854 nell03
912 2787 1035 2836 summe
1069 2770 1153 2836 enim
1181 2767 1351 2835 infelicitas
1374 2766 1423 2834 eet
1559 2761 1560 2770 ’

296 2872 377 2955 qnod
411 2871 530 2938 nolunt.
568 2889 641 2937 nam
663 2889 735 2938 cum
758 2871 808 2936 hie
835 2872 935 2938 multo
969 2872 1082 2938 melius
1116 2871 1275 2955 agebatur,
1309 2870 1337 2935 ei
1360 2887 1422 2935 non

242 2964 285 3032 28
295 2975 558 3057 compellerentur
580 2976 637 3042 hoo
657 2975 749 3042 nelle.
780 2976 835 3043 scd
858 2975 932 3059 qnid
953 2976 1084 3058 possunt
1105 2974 1190 3042 aliud
1205 2973 1288 3039 uelle
1302 2972 1420 3050 maeri,

296 3080 349 3161 qni
371 3080 546 3158 adsiduum,
575 3079 672 3144 immo
696 3079 878 3146 continuum
906 3079 1074 3145 exactionis
1095 3077 1238 3160 publicae
1259 3076 1422 3161 patiuntur

295 3182 459 3264 excidium,
494 3181 608 3265 quibus
642 3182 788 3247 imminet
821 3199 942 3264 semper
975 3180 1081 3266 grauis
1104 3185 1136 3245 et
1163 3179 1316 3246 indefessa
1349 3195 1456 3263 pro-⁹⁵

295 3285 433 3369 scriptio,
468 3285 521 3368 qni
543 3285 652 3350 domus
682 3303 754 3351 enas
772 3285 939 3364 deserunt,
974 3303 1012 3350 ne
1033 3285 1068 3349 in
1090 3283 1167 3366 ipsis
1190 3282 1334 3350 domibus
1356 3285 1423 3350 tor-

223 3448 226 3458 .
295 3393 459 3472 queantur,
482 3387 574 3452 exilia
594 3390 716 3473 petunt,
739 3407 779 3453 ne
800 3387 954 3471 supplicia
975 3387 1174 3453 sustineant?
1209 3386 1341 3490 leniores
1373 3386 1422 3451 his

348 3595 547 3649 ldeuorarant
568 3595 596 3648 A
617 3609 813 3664 supeream.
837 3595 911 3647 m.2
933 3608 951 3645 n
1063 3591 1186 3646 aeciam
1210 3593 1239 3644 et
1262 3590 1303 3645 B:
1333 3589 1424 3644 Etiam

292 3687 397 3752 puncto
406 3687 469 3750 post
481 3681 640 3736 laceratione
647 3681 739 3750 posito
751 3679 779 3733 A
805 3681 832 3734 et
842 3679 899 3733 iam
916 3679 1048 3733 Halmius
1148 3679 1165 3732 4
1182 3677 1310 3732 indicium
1327 3676 1356 3731 B

294 3770 415 3824 homines
442 3769 470 3824 R
492 3785 514 3826 a.
532 3769 550 3822 l.
653 3767 669 3821 ‘l
695 3767 781 3822 acerbo
806 3765 877 3835 quod
902 3765 1011 3820 fuerant
1038 3765 1174 3835 coactique
1201 3767 1265 3819 sunt
1290 3763 1318 3818 A
1344 3763 1425 3818 trabat

295 3856 506 3926 aoteqnodnon
519 3857 596 3909 erant
676 3854 767 3908 saltim
778 3852 906 3908 uitamB
985 3852 1068 3908 8iam
1082 3868 1109 3906 se
1122 3852 1151 3907 B
1237 3851 1271 3906 10
1282 3849 1424 3920 cogantur]

296 3945 412 4013 agantur
429 3944 458 3998 A
561 3941 593 3996 12
611 3939 790 3995 inbecillitate
808 3940 848 3994 A':
874 3939 938 3994 imb.
957 3939 1029 3994 But
1040 3938 1153 3994 uidetur
1254 3935 1287 3992 19
1305 3936 1374 3990 sinit
1392 3951 1426 3990 cc

296 4031 364 4085 sindo
381 4031 410 4085 A
427 4031 577 4086 corant>
662 4026 835 4096 imputareA
924 4025 956 4079 21
970 4040 1049 4094 quam
1062 4026 1095 4081 in
1105 4021 1299 4094 morpoodd.
1312 4022 1426 4077 Brassi-

294 4121 397 4173 c‘aacs:
415 4133 465 4172 om.
484 4116 539 4170 AB
641 4113 695 4167 nisi
712 4112 872 4182 saepioatnr
889 4110 1038 4168 Hurtetioe
1139 4111 1174 4166 22
1197 4111 1284 4164 multo
1302 4125 1363 4164 oum
1380 4109 1426 4163 his

297 4203 324 4258 B
427 4203 462 4257 23
479 4202 685 4270 *amputarentur
702 4201 742 4254 sc'e
759 4198 787 4252 A
803 4198 852 4254 aed
869 4199 901 4255 in
918 4213 1004 4268 naorp.
1021 4214 1055 4254 m.
1073 4197 1259 4254 recentissimo
1277 4196 1349 4251 oliae
1366 4197 1426 4250 teon

297 4289 378 4342 obuio
389 4287 453 4346 odd.
466 4293 554 4358 copon
639 4283 999 4354 aliudnellelaliudfiariB
1089 4283 1124 4340 24
1137 4279 1384 4338 adsidunr'nccdm.
1398 4283 1426 4335 2.

295 4390 382 4444 anper
403 4391 419 4430 a
441 4374 507 4430 odd.
525 4391 538 4428 ι
556 4375 583 4429 A
607 4371 691 4442 (unde
707 4372 740 4426 in
760 4372 786 4426 T
806 4370 840 4426 ad
863 4369 1001 4436 assidinm)
1107 4368 1141 4424 26
1163 4369 1253 4424 domos
1276 4366 1426 4424 cadomus

297 4461 326 4515 A
343 4478 412 4519 corr.
431 4465 503 4518 Μ
