3134 5098
475 415 512 468 de
530 414 666 484 gubern
685 413 739 468 dei
762 413 807 469 111
825 418 841 479 ξ
858 412 969 470 34-40.
1242 412 1289 482 55

160 603 302 689 petulcos
331 601 559 686 impudicorum
586 602 748 668 homiuum
780 601 916 667 intuitus
943 618 1022 666 noxa
1049 599 1198 668 adulterii
1224 618 1286 668 non

159 725 273 791 camno,
298 706 420 772 scilieet
441 709 478 772 ut
501 705 556 789 qui
577 705 732 772 bonafide
755 705 879 789 fugeret
904 704 1095 772 adulterium
1117 703 1287 770 custodiret

157 814 330 896 aspectum.
354 811 508 897 perfectae
525 809 680 898 siquidem
694 828 731 876 uc
745 809 968 876 sincerissimae
983 806 1163 874 sanctitatis
1177 806 1287 874 uolens

156 913 294 980 cultores
323 931 394 979 suos
424 914 529 980 lacem
556 915 694 980 saluatur
720 912 815 979 iussit
838 911 879 978 ab
905 911 956 977 h'm
982 911 1167 978 cautissime
1188 911 1286 976 ubam

135 1017 290 1084 aminima
317 1016 436 1096 uitari·
462 1016 580 1084 scilicet
608 1019 645 1082 ut
671 1035 766 1101 quum
795 1034 876 1100 pura
895 1015 946 1082 cst
965 1015 1087 1098 pupilla
1114 1013 1286 1081 coalitam

155 1137 235 1206 pura
264 1121 345 1185 esset
373 1120 441 1186 uita
469 1120 607 1186 hominis
634 1119 804 1188 Christiani
837 1121 883 1198 et,
916 1118 998 1186 sicut
1030 1119 1118 1184 salua
1149 1117 1199 1186 int
1223 1117 1287 1184 'tus

155 1222 376 1290 incolumitate
397 1225 538 1304 pulueris
560 1225 662 1291 labem
684 1223 717 1288 in
733 1242 766 1290 se
780 1224 888 1290 oculus
905 1240 966 1288 non
981 1221 1140 1307 reciperet,
1156 1220 1202 1288 sic
1217 1221 1285 1288 uita

156 1330 267 1393 nostra
288 1326 394 1393 labem
423 1328 457 1391 in
484 1345 516 1392 se
545 1326 672 1408 ponitus
700 1325 912 1409 impudicitiae
935 1345 997 1392 noo
1018 1325 1158 1390 haberet.
1202 1327 1284 1390 unde
1292 1320 1336 1388 39

155 1431 204 1496 est
228 1430 311 1495 illud
334 1431 447 1512 ubam,
475 1431 558 1514 quod
580 1433 611 1495 in
633 1431 835 1514 sequentibus
858 1429 1085 1496 sitdominus:
1115 1429 1149 1494 si
1171 1446 1284 1494 scau·

121 1533 304 1601 rodalinat
325 1535 363 1598 te
386 1534 657 1612 scolacibus,
681 1552 770 1598 erue
792 1553 889 1612 oum,
913 1535 952 1599 ct
977 1534 1012 1598 si
1032 1531 1286 1598 scandalizat

154 1639 193 1702 te
214 1655 354 1702 manus
380 1639 462 1716 tua,
492 1637 653 1703 abscide
682 1655 779 1703 eam:
802 1637 960 1720 expedit
981 1636 1060 1702 tibi
1086 1636 1129 1701 ut
1149 1636 1286 1726 pareat

151 1759 274 1805 unum
289 1740 1284 1823 membrorumtuorum,quamtotumoorpustuum

153 1842 345 1908 mittatur
373 1845 413 1908 in
440 1843 666 1928 gehennam.
711 1846 738 1910 si
769 1844 868 1928 iffi'tur
897 1845 985 1910 iuxta
1013 1844 1063 1930 dei
1090 1843 1221 1910 uerbum
1249 1843 1284 1908 in

155 1946 331 2032 gebennam
359 1946 514 2012 scandrdis
543 1946 716 2030 trahimur,
746 1948 831 2012 recte
860 1947 1012 2029 profecto,
1047 1947 1083 2012 ut
1111 1946 1284 2030 gehennam

123 2051 258 2116 euitare
274 2049 439 2131 possimus,
456 2049 557 2114 etiam
570 2050 713 2115 munitm
725 2051 840 2116 nostris
855 2068 909 2115 nos
925 2049 1082 2132 oculisque
1098 2049 1284 2126 multamus,

153 2171 216 2218 non
241 2155 323 2235 quod
344 2152 493 2217 membris
515 2153 580 2219 suis
603 2154 673 2236 quis
695 2154 818 2236 priunrs
840 2173 873 2219 se
893 2155 1015 2235 debeat,
1037 2153 1100 2232 sed,
1124 2153 1196 2236 quie
1218 2152 1284 2221 bru

155 2254 349 2322 necessariae
364 2255 454 2320 nobis
470 2258 544 2321 suut
567 2257 719 2340 quaedam
735 2256 978 2322 domesticorum
994 2255 1215 2340 obsequiorum
1230 2275 1284 2320 ne-

156 2359 372 2440 cessitudines,
395 2362 432 2423 nt
449 2359 498 2424 his
515 2360 604 2442 quasi
618 2360 716 2426 oculis
731 2360 889 2426 interdum
904 2366 959 2428 aut
979 2361 1125 2426 manibus
1145 2360 1283 2445 utamur,

153 2462 239 2527 rents
261 2462 353 2530 nobis
374 2462 587 2547 praesentium
609 2463 856 2530 ministeriorum
875 2464 980 2530 officio
994 2463 1216 2541 subtrahimus,
1242 2482 1283 2528 ns

121 2565 280 2636 sacterni
313 2565 397 2648 ignis
430 2567 588 2630 tormenta
620 2567 796 2648 patiamur:
833 2568 886 2632 ubi
919 2567 1004 2632 enim
1036 2567 1074 2632 de
1107 2559 1309 2632 mosterio

153 2666 261 2751 agitur
293 2669 325 2733 ot
353 2669 437 2754 uita,
465 2669 584 2734 rectius
606 2669 745 2752 profecto
768 2669 944 2737 Christiano
968 2674 1014 2737 est
1035 2671 1207 2736 ministerio
1230 2688 1282 2736 oa-

152 2789 221 2836 rcrc
244 2789 339 2854 quam
361 2772 439 2840 nitu.

196 2890 253 2955 IX.
277 2891 388 2975 Itaque
411 2911 482 2959 oum
505 2892 538 2959 iu
561 2893 705 2959 omuibus
728 2893 777 2958 bis
800 2911 877 2977 quae
903 2894 1039 2960 diximus
1062 2893 1204 2961 oboedire
1225 2886 1335 2960 nesto

151 2993 214 3059 sibi
236 2995 381 3062 dominus
409 3002 514 3064 noster
542 2999 670 3068 iusserit
678 3048 690 3078 ,,
713 3001 767 3066 ubi
801 3001 874 3066 sunt
901 3001 956 3083 qui
982 2998 1098 3074 autin
1126 2997 1281 3065 uniuersis

118 3099 390 3166 camdenianae
413 3104 469 3166 aut
492 3105 576 3168 certe
598 3103 650 3168 uel
671 3103 706 3167 in
731 3101 928 3186 paucissimis
957 3101 1189 3185 obsequantur?
1224 3100 1279 3166 ubi

150 3203 227 3266 sunt
248 3201 304 3283 qui
324 3206 380 3268 aut
401 3202 546 3270 inimicos
569 3205 704 3292 diligant
725 3210 781 3274 aut
806 3205 1064 3290 persequentibus
1080 3202 1279 3272 benefaciant

150 3306 207 3370 aut
225 3305 327 3370 males
343 3305 377 3371 in
398 3308 478 3374 bono
492 3308 632 3387 uincent,
655 3311 709 3393 qui
723 3309 868 3376 maxillas
883 3310 1082 3375 caedentibus
1096 3307 1277 3391 praebcant,

142 3405 205 3490 qui
227 3407 434 3492 spoliantibus
456 3429 505 3476 res
529 3429 602 3477 snas
623 3411 691 3478 sins
713 3403 777 3479 lite¹
793 3415 987 3480 concedant?
1014 3413 1083 3496 quis
1105 3414 1169 3491 est,
1194 3411 1277 3494 apud

150 3527 245 3592 quom
261 3511 447 3578 detractioni
462 3514 586 3598 penitus
602 3515 682 3581 nihil
703 3515 806 3597 liceat,
829 3516 883 3602 qui
898 3517 1037 3582 conuicio
1051 3535 1105 3583 suo
1120 3519 1277 3582 nemiuem

253 3681 271 3734 9
287 3681 367 3736 Marc.
386 3683 411 3748 9,
428 3683 463 3737 46
497 3683 597 3741 Matth.
615 3684 657 3752 29,
675 3685 709 3738 30

199 3835 216 3888 2
234 3836 344 3904 fugeret
359 3854 393 3893 co·
410 3838 513 3908 fugiret
530 3841 558 3894 A
576 3857 646 3896 cerr.
665 3846 729 3896 aad
834 3844 851 3897 3
868 3843 986 3912 perfecte
1002 3849 1029 3898 et
1041 3843 1129 3913 pareto
1142 3847 1206 3912 post
1222 3841 1278 3896 sin·

148 3921 286 3975 mrissimc
309 3924 337 3977 A
440 3925 621 3981 dohristiani
643 3927 759 3982 hominis
782 3928 841 3982 uita
862 3929 891 3982 B
995 3930 1010 3983 7
1034 3928 1217 3983 incolumitate
1241 3944 1279 3983 ea·

148 4004 332 4061 incolomitate
350 4011 377 4062 A
395 4025 465 4067 corr.
483 4027 517 4065 m.
531 4014 558 4077 2,
577 4013 643 4066 dem
659 4013 753 4067 oculus
771 4015 913 4068 caeculus
1009 4014 1043 4070 14
1060 4014 1211 4084 gehennam
1228 4014 1278 4070 sed

149 4107 176 4144 m
192 4093 264 4146 molo
277 4101 377 4162 prorem
395 4096 423 4149 A
527 4099 560 4152 15
577 4114 626 4152 nos
643 4114 694 4154 oua
712 4099 740 4152 B
840 4101 874 4154 16
892 4099 993 4168 priuari
1010 4101 1039 4154 A
1137 4101 1169 4154 17
1187 4116 1277 4154 neces-

149 4178 216 4232 saria
235 4181 262 4232 A
348 4182 381 4236 18
394 4184 709 4252 autquasimanibusB
798 4185 833 4241 20
850 4187 984 4255 ptticmus
1000 4186 1029 4239 B
1120 4187 1154 4241 29
1171 4187 1277 4242 detrac-

148 4262 215 4316 tioui
239 4264 439 4322 Rittcrsbuciue
459 4269 491 4322 ic
511 4271 637 4340 marpissa
659 4274 752 4340 (quoru
775 4272 990 4328 emendationem
1013 4273 1188 4328 ambacum
1204 4273 1275 4339 scat

148 4349 218 4416 qaod
249 4350 401 4408 Saluianus
429 4355 488 4422 ipre
513 4372 535 4410 e.
559 4359 579 4410 8
604 4357 713 4412 scribit:
741 4373 883 4430 numquam
912 4358 1074 4414 detractione
1098 4362 1276 4425 saturamurlt
