3178 5100
379 1201 674 1314 SALVIANI
716 1201 1057 1316 urlsromn.

576 1473 805 1558 umerum
830 1473 858 1556 1.
924 1535 926 1540 .

200 1663 225 1728 Ο
240 1668 346 1742 Amor,
370 1664 445 1748 quid
465 1666 497 1729 te
511 1665 665 1750 appellem
681 1665 794 1748 nescio,
818 1667 932 1732 bonum
948 1684 988 1730 an
1003 1665 1132 1747 melum,
1155 1664 1308 1731 dulceml

157 1787 197 1834 an
220 1786 373 1852 asperum,
396 1788 523 1834 suauem
538 1789 576 1836 an
599 1769 820 1836 iniucundum:
844 1768 891 1834 ita
909 1769 991 1834 enim
1016 1771 1146 1853 utroque
1169 1769 1279 1852 plenus

158 1890 199 1954 es,
222 1874 259 1935 ut
281 1877 447 1954 utrumque
463 1889 527 1938 esse
549 1872 692 1938 uidearis.
724 1873 823 1938 amari
837 1890 855 1936 a
871 1871 959 1937 nobis
975 1873 1097 1938 nostros
1113 1871 1281 1938 honestum

139 1979 212 2053 sest,
235 1976 317 2041 laedi
339 1973 497 2040 acerbum.
522 1977 553 2040 et
574 1976 681 2040 umen
702 1974 760 2040 hoo
783 1974 921 2042 eiusdem
937 1974 987 2040 est
1001 1973 1160 2041 interdum
1182 1975 1280 2054 animi

158 2079 355 2161 eiusdemque
377 2077 519 2162 pietatis:
544 2095 615 2142 cum
637 2077 739 2160 specis
761 2078 936 2156 dissentiat,
959 2079 1078 2144 ratione
1101 2081 1279 2146 coneordat.

156 2200 241 2248 amor
272 2181 385 2265 quippe
414 2200 469 2247 nos
498 2180 574 2248 iacit
605 2183 725 2248 nostros
755 2200 877 2264 amare,
909 2200 995 2247 amor
1016 2183 1175 2249 interdum
1197 2167 1301 2268 cogit

157 2284 318 2352 offendere.
361 2285 527 2368 utrumque
563 2304 660 2350 uuum
693 2286 757 2364 est,
795 2303 866 2349 oum
903 2285 1007 2350 tamm
1045 2285 1132 2351 aliud
1167 2286 1280 2350 amoris

157 2386 271 2454 habeat
298 2389 446 2470 gratiam,
477 2387 563 2453 aliud
594 2388 657 2452 odii
686 2388 825 2472 patiatur
855 2386 1012 2452 offensam.
1051 2405 1146 2469 quem
1173 2388 1310 2472 graue,2
1389 2435 1422 2464 ..

126 2489 222 2568 choo,
246 2507 367 2574 quaeso,
392 2491 435 2557 mi
457 2489 662 2572 dilectissimi,
687 2491 744 2554 eut
766 2508 858 2571 quam
881 2489 1027 2554 acerbum
1049 2494 1106 2574 est,
1129 2493 1166 2555 ut
1188 2507 1281 2556 causa

156 2593 218 2658 odii
239 2612 326 2660 amor
348 2611 415 2658 esse
437 2595 589 2675 cogatur?
627 2594 707 2674 quod
737 2593 862 2673 quidem
891 2611 961 2658 cum
984 2611 1075 2676 saepe
1097 2593 1182 2676 aliie,
1212 2597 1281 2659 tum
1343 2670 1345 2674 ¹

157 2695 251 2760 etiam
274 2695 351 2761 mihi
374 2695 522 2762 accidisse
544 2714 628 2762 nunc
650 2696 727 2762 satis
743 2715 860 2778 uereor,
885 2698 929 2780 ut,
953 2698 1027 2762 dum
1050 2697 1280 2764 adulescentem

156 2800 248 2886 hunc,
277 2819 367 2882 quem
399 2801 439 2865 ad
461 2818 516 2866 uos
539 2801 622 2886 misi,
653 2800 776 2866 tradere
798 2799 971 2866 indiuiduis
995 2800 1072 2866 meis
1095 2801 1194 2884 cupio,
1225 2801 1281 2866 uni

155 2901 284 2969 studens
312 2902 422 2968 multis
449 2903 601 2970 molestus
630 2905 706 2986 sim,
740 2902 773 2968 ot
795 2921 882 2968 amor
905 2904 970 2968 eius
993 2903 1111 2970 offensa
1132 2904 1176 2970 sit
1197 2905 1279 2971 cete·

121 3029 146 3072 ιο
154 3024 271 3085 rorum
295 3024 484 3090 quamquam
507 3006 548 3084 hi,
572 3007 625 3089 qui
648 3006 725 3071 sctis
748 3007 894 3090 diligunt,
918 3023 979 3072 non
995 3007 1056 3072 cito
1071 3006 1279 3072 offendantur.

154 3109 208 3176 sed
237 3127 292 3194 ego
321 3109 564 3176 insinuationem
593 3126 696 3174 meam
726 3109 829 3173 minus
858 3110 981 3192 gratam
1004 3109 1068 3176 fore
1090 3108 1310 3191 quibusdam3

153 3213 288 3286 timens,
320 3212 416 3277 etiam
445 3211 697 3278 imminutionem
720 3214 839 3296 gratiae
860 3211 1011 3278 offensam
1033 3213 1118 3294 puto.
1156 3213 1280 3294 plaeere

152 3317 238 3381 enim
253 3315 373 3381 dilectis
389 3316 466 3380 meis
482 3315 654 3397 plurimum
677 3317 803 3395 cupiens
819 3314 996 3380 molestiam
1017 3314 1145 3381 illorum
1159 3318 1282 3382 reatum

151 3438 263 3486 meum
287 3419 386 3496 credo,
409 3421 441 3484 ot
464 3420 524 3484 nisi
547 3418 591 3484 eis
615 3418 692 3486 satis
707 3419 859 3500 placuero,
883 3417 1070 3502 supplicium
1087 3418 1282 3501 displicentis

116 3523 230 3588 refero.
269 3540 457 3604 quamquam
492 3521 549 3587 hoc
582 3522 784 3586 metuendum
807 3521 839 3586 iu
861 3522 950 3588 uobis
985 3523 1108 3588 omniuo
1137 3541 1198 3588 non
1228 3520 1313 3602 sice

149 3627 207 3710 qui
242 3629 346 3690 totum
374 3643 424 3690 me
446 3625 480 3690 in
502 3643 557 3690 uos
587 3623 781 3710 recipientes
805 3626 902 3690 etiam
936 3626 1020 3709 apud
1054 3625 1131 3691 alios
1153 3644 1208 3710 pro
1232 3643 1281 3690 me
1320 3669 1322 3676 -

148 3729 284 3796 timetis.
316 3728 440 3794 mutum
463 3728 546 3793 enim
570 3727 658 3792 abest
680 3729 716 3792 ut
739 3727 900 3812 displicere
922 3746 978 3812 ego
1002 3727 1127 3793 caritati
1150 3745 1188 3794 ae
1210 3745 1280 3793 sen·

147 3833 199 3898 sui
226 3831 332 3896 uestro
354 3831 479 3914 possim,
503 3832 540 3896 ut
562 3829 657 3898 etiam
679 3829 759 3896 illud
782 3849 904 3896 mecum
928 3830 1146 3912 reformidetis,
1169 3850 1208 3896 ne
1224 3848 1280 3913 ego

146 3935 343 4020 quibusdam
364 3935 444 4001 forte
467 3933 659 4028 displiceam,
683 3935 726 4000 mi
750 3924 924 4000 dulcissimi
939 3951 975 3999 ao
989 3933 1185 4000 dilectissimi
1207 3932 1281 3998 mei.

111 4031 342 4122 succrescens,
373 4038 528 4122 quemad
558 4056 614 4105 uos
644 4039 725 4122 misi,
756 4039 948 4124 Agrippinae
978 4058 1048 4105 oum
1078 4038 1144 4104 suis
1174 4037 1311 4121 captust)

145 4149 218 4228 est,
257 4142 411 4239 quondum
445 4143 530 4208 inter
563 4161 634 4208 suos
666 4159 726 4208 uon
760 4143 849 4226 parui
881 4141 1033 4225 nominis,
1068 4141 1189 4207 familia
1222 4159 1281 4205 non

45 4399 48 4407 Ι
201 4334 215 4386 1
239 4329 387 4398 imolato
405 4330 526 4386 deestis
548 4329 570 4385 0
669 4329 698 4383 ll
718 4332 777 4384 tum
796 4329 942 4385 Pithoeus:
960 4345 1019 4382 eum
1042 4327 1064 4383 Ο
1157 4328 1193 4382 25
1209 4327 1281 4396 agri-

142 4421 230 4490 pinae
256 4415 359 4472 Oitem
377 4417 414 4470 30
