<?xml version="1.0" encoding="UTF-8"?>
<!DOCTYPE html PUBLIC "-//W3C//DTD XHTML 1.0 Transitional//EN"
    "http://www.w3.org/TR/xhtml1/DTD/xhtml1-transitional.dtd">
<html xmlns="http://www.w3.org/1999/xhtml" xml:lang="en" lang="en">
 <head>
  <title>
</title>
<meta http-equiv="Content-Type" content="text/html;charset=utf-8" />
  <meta name='ocr-system' content='tesseract 3.04.00' />
  <meta name='ocr-capabilities' content='ocr_page ocr_carea ocr_par ocr_line ocrx_word'/>
</head>
<body>
  <div class='ocr_page' id='page_1' title='image "./corpusscriptoru07wissgoog_0196.png"; bbox 0 0 3178 5100; ppageno 0'>
   <div class='ocr_carea' id='block_1_1' title="bbox 487 459 1307 539">
    <p class='ocr_par' dir='ltr' id='par_1_1' title="bbox 487 459 1307 539">
     <span class='ocr_line' id='line_1_1' title="bbox 487 459 1307 539; baseline 0.018 -17"><span class='ocrx_word' id='word_1_1' title='bbox 487 468 524 522; x_wconf 76' lang='lat' dir='ltr'>aa</span> <span class='ocrx_word' id='word_1_2' title='bbox 542 468 679 537; x_wconf 81' lang='lat' dir='ltr'>gubern.</span> <span class='ocrx_word' id='word_1_3' title='bbox 698 468 752 523; x_wconf 76' lang='lat' dir='ltr'>aea</span> <span class='ocrx_word' id='word_1_4' title='bbox 770 467 824 525; x_wconf 78' lang='grc' dir='ltr'>ιιι</span> <span class='ocrx_word' id='word_1_5' title='bbox 849 469 993 535; x_wconf 69' lang='lat' dir='ltr'>eea-m</span> <span class='ocrx_word' id='word_1_6' title='bbox 1245 459 1307 539; x_wconf 78' lang='lat'><strong>‘173</strong></span> 
     </span>
    </p>
   </div>
   <div class='ocr_carea' id='block_1_2' title="bbox 135 657 1368 2790">
    <p class='ocr_par' dir='ltr' id='par_1_2' title="bbox 135 657 1368 2790">
     <span class='ocr_line' id='line_1_2' title="bbox 174 657 1307 744; baseline 0.005 -22"><span class='ocrx_word' id='word_1_7' title='bbox 174 657 390 737; x_wconf 89' lang='lat' dir='ltr'>scribendum,</span> <span class='ocrx_word' id='word_1_8' title='bbox 420 660 495 743; x_wconf 91' lang='lat' dir='ltr'>quia</span> <span class='ocrx_word' id='word_1_9' title='bbox 523 659 608 724; x_wconf 90' lang='lat' dir='ltr'>recte</span> <span class='ocrx_word' id='word_1_10' title='bbox 636 658 684 724; x_wconf 91' lang='lat' dir='ltr'>illi</span> <span class='ocrx_word' id='word_1_11' title='bbox 713 659 758 724; x_wconf 89' lang='lat' dir='ltr'>rei</span> <span class='ocrx_word' id='word_1_12' title='bbox 786 659 906 726; x_wconf 86' lang='lat' dir='ltr'>iactum</span> <span class='ocrx_word' id='word_1_13' title='bbox 934 662 1136 741; x_wconf 73' lang='lat' dir='ltr'>adscribitur,</span> <span class='ocrx_word' id='word_1_14' title='bbox 1166 666 1307 744; x_wconf 88' lang='lat' dir='ltr'>quaeat</span> 
     </span>
     <span class='ocr_line' id='line_1_3' title="bbox 174 760 1305 846; baseline 0.003 -19"><span class='ocrx_word' id='word_1_15' title='bbox 174 764 246 844; x_wconf 86' lang='lat' dir='ltr'>quid</span> <span class='ocrx_word' id='word_1_16' title='bbox 269 760 359 828; x_wconf 88' lang='lat' dir='ltr'>fieret</span> <span class='ocrx_word' id='word_1_17' title='bbox 382 763 493 846; x_wconf 89' lang='lat' dir='ltr'>exegit.</span> <span class='ocrx_word' id='word_1_18' title='bbox 539 781 613 828; x_wconf 89' lang='lat' dir='ltr'>nem</span> <span class='ocrx_word' id='word_1_19' title='bbox 636 763 669 828; x_wconf 90' lang='lat' dir='ltr'>et</span> <span class='ocrx_word' id='word_1_20' title='bbox 690 763 854 840; x_wconf 81' lang='lat' dir='ltr'>homicida,</span> <span class='ocrx_word' id='word_1_21' title='bbox 884 783 956 829; x_wconf 91' lang='lat' dir='ltr'>cum</span> <span class='ocrx_word' id='word_1_22' title='bbox 979 784 997 830; x_wconf 91' lang='lat' dir='ltr'>a</span> <span class='ocrx_word' id='word_1_23' title='bbox 1020 765 1121 830; x_wconf 91' lang='lat' dir='ltr'>iudice</span> <span class='ocrx_word' id='word_1_24' title='bbox 1143 765 1305 843; x_wconf 89' lang='lat' dir='ltr'>occiditur,</span> 
     </span>
     <span class='ocr_line' id='line_1_4' title="bbox 174 866 1306 950; baseline 0.002 -20"><span class='ocrx_word' id='word_1_25' title='bbox 174 882 229 930; x_wconf 89' lang='lat' dir='ltr'>suo</span> <span class='ocrx_word' id='word_1_26' title='bbox 258 866 371 930; x_wconf 89' lang='lat' dir='ltr'>scelere</span> <span class='ocrx_word' id='word_1_27' title='bbox 405 867 545 949; x_wconf 87' lang='lat' dir='ltr'>punitur,</span> <span class='ocrx_word' id='word_1_28' title='bbox 580 868 612 931; x_wconf 91' lang='lat' dir='ltr'>et</span> <span class='ocrx_word' id='word_1_29' title='bbox 646 867 727 930; x_wconf 87' lang='lat' dir='ltr'>latro</span> <span class='ocrx_word' id='word_1_30' title='bbox 761 871 816 932; x_wconf 89' lang='lat' dir='ltr'>aut</span> <span class='ocrx_word' id='word_1_31' title='bbox 845 868 1034 950; x_wconf 87' lang='lat' dir='ltr'>sacrilegus,</span> <span class='ocrx_word' id='word_1_32' title='bbox 1070 886 1141 934; x_wconf 91' lang='lat' dir='ltr'>oum</span> <span class='ocrx_word' id='word_1_33' title='bbox 1171 868 1306 934; x_wconf 89' lang='lat' dir='ltr'>flammis</span> 
     </span>
     <span class='ocr_line' id='line_1_5' title="bbox 174 968 1358 1054; baseline 0.003 -20"><span class='ocrx_word' id='word_1_34' title='bbox 174 969 321 1046; x_wconf 78' lang='lat' dir='ltr'>exuritur,</span> <span class='ocrx_word' id='word_1_35' title='bbox 345 970 410 1034; x_wconf 90' lang='lat' dir='ltr'>suis</span> <span class='ocrx_word' id='word_1_36' title='bbox 434 968 622 1035; x_wconf 75' lang='lat' dir='ltr'>criminibus</span> <span class='ocrx_word' id='word_1_37' title='bbox 644 971 867 1035; x_wconf 74' lang='lat' dir='ltr'>concrematur.</span> <span class='ocrx_word' id='word_1_38' title='bbox 892 973 973 1038; x_wconf 91' lang='lat' dir='ltr'>uude</span> <span class='ocrx_word' id='word_1_39' title='bbox 998 974 1029 1036; x_wconf 91' lang='lat' dir='ltr'>et</span> <span class='ocrx_word' id='word_1_40' title='bbox 1050 972 1132 1054; x_wconf 91' lang='lat' dir='ltr'>qaod</span> <span class='ocrx_word' id='word_1_41' title='bbox 1155 971 1307 1037; x_wconf 87' lang='lat' dir='ltr'>Wandali</span> <span class='ocrx_word' id='word_1_42' title='bbox 1316 970 1358 1037; x_wconf 82' lang='grc'>56</span> 
     </span>
     <span class='ocr_line' id='line_1_6' title="bbox 152 1071 1305 1140; baseline 0.008 -9"><span class='ocrx_word' id='word_1_43' title='bbox 152 1072 212 1136; x_wconf 76' lang='lat' dir='ltr'>aad</span> <span class='ocrx_word' id='word_1_44' title='bbox 228 1071 370 1138; x_wconf 82' lang='lat' dir='ltr'>AirIcam</span> <span class='ocrx_word' id='word_1_45' title='bbox 392 1072 585 1139; x_wconf 86' lang='lat' dir='ltr'>transierunt</span> <span class='ocrx_word' id='word_1_46' title='bbox 599 1090 661 1138; x_wconf 91' lang='lat' dir='ltr'>uon</span> <span class='ocrx_word' id='word_1_47' title='bbox 683 1075 731 1138; x_wconf 87' lang='lat' dir='ltr'>est</span> <span class='ocrx_word' id='word_1_48' title='bbox 747 1074 873 1138; x_wconf 91' lang='lat' dir='ltr'>diuinae</span> <span class='ocrx_word' id='word_1_49' title='bbox 900 1073 1062 1140; x_wconf 83' lang='lat' dir='ltr'>seueritati</span> <span class='ocrx_word' id='word_1_50' title='bbox 1085 1075 1139 1140; x_wconf 88' lang='lat' dir='ltr'>sed</span> <span class='ocrx_word' id='word_1_51' title='bbox 1154 1073 1305 1140; x_wconf 81' lang='lat' dir='ltr'>Afrorum</span> 
     </span>
     <span class='ocr_line' id='line_1_7' title="bbox 172 1175 1304 1261; baseline 0.002 -21"><span class='ocrx_word' id='word_1_52' title='bbox 172 1175 283 1242; x_wconf 91' lang='lat' dir='ltr'>sceleri</span> <span class='ocrx_word' id='word_1_53' title='bbox 306 1177 536 1260; x_wconf 80' lang='lat' dir='ltr'>deputandum3</span> <span class='ocrx_word' id='word_1_54' title='bbox 559 1177 650 1261; x_wconf 86' lang='lat' dir='ltr'>graui</span> <span class='ocrx_word' id='word_1_55' title='bbox 666 1176 750 1241; x_wconf 89' lang='lat' dir='ltr'>euim</span> <span class='ocrx_word' id='word_1_56' title='bbox 773 1195 834 1261; x_wconf 88' lang='lat' dir='ltr'>eos,</span> <span class='ocrx_word' id='word_1_57' title='bbox 848 1177 1022 1260; x_wconf 88' lang='lat' dir='ltr'>&#39;antequam</span> <span class='ocrx_word' id='word_1_58' title='bbox 1040 1178 1117 1242; x_wconf 91' lang='lat' dir='ltr'>illac</span> <span class='ocrx_word' id='word_1_59' title='bbox 1131 1180 1304 1260; x_wconf 80' lang='lat' dir='ltr'>pergerent,</span> 
     </span>
     <span class='ocr_line' id='line_1_8' title="bbox 173 1279 1305 1364; baseline 0.005 -22"><span class='ocrx_word' id='word_1_60' title='bbox 173 1296 208 1344; x_wconf 89' lang='lat' dir='ltr'>ac</span> <span class='ocrx_word' id='word_1_61' title='bbox 224 1279 321 1363; x_wconf 88' lang='lat' dir='ltr'>longa</span> <span class='ocrx_word' id='word_1_62' title='bbox 336 1280 505 1363; x_wconf 83' lang='lat' dir='ltr'>intquitate</span> <span class='ocrx_word' id='word_1_63' title='bbox 520 1282 691 1346; x_wconf 86' lang='lat' dir='ltr'>traxerunt.</span> <span class='ocrx_word' id='word_1_64' title='bbox 717 1286 747 1346; x_wconf 89' lang='lat' dir='ltr'>et</span> <span class='ocrx_word' id='word_1_65' title='bbox 763 1281 834 1346; x_wconf 92' lang='lat' dir='ltr'>ideo</span> <span class='ocrx_word' id='word_1_66' title='bbox 848 1281 1031 1364; x_wconf 85' lang='lat' dir='ltr'>intellegere</span> <span class='ocrx_word' id='word_1_67' title='bbox 1048 1281 1207 1362; x_wconf 84' lang='lat' dir='ltr'>debemus,</span> <span class='ocrx_word' id='word_1_68' title='bbox 1232 1281 1305 1364; x_wconf 77' lang='lat' dir='ltr'>qula</span> 
     </span>
     <span class='ocr_line' id='line_1_9' title="bbox 171 1382 1368 1468; baseline 0.003 -22"><span class='ocrx_word' id='word_1_69' title='bbox 171 1382 299 1465; x_wconf 90' lang='lat' dir='ltr'>pietatis</span> <span class='ocrx_word' id='word_1_70' title='bbox 323 1384 447 1450; x_wconf 85' lang='lat' dir='ltr'>diuinae</span> <span class='ocrx_word' id='word_1_71' title='bbox 469 1384 547 1463; x_wconf 88' lang='lat' dir='ltr'>fuit,</span> <span class='ocrx_word' id='word_1_72' title='bbox 578 1387 660 1466; x_wconf 87' lang='lat' dir='ltr'>quod</span> <span class='ocrx_word' id='word_1_73' title='bbox 682 1401 815 1466; x_wconf 86' lang='lat' dir='ltr'>poenam</span> <span class='ocrx_word' id='word_1_74' title='bbox 837 1385 892 1451; x_wconf 94' lang='lat' dir='ltr'>diu</span> <span class='ocrx_word' id='word_1_75' title='bbox 918 1386 1055 1450; x_wconf 83' lang='lat' dir='ltr'>debitam</span> <span class='ocrx_word' id='word_1_76' title='bbox 1077 1384 1213 1461; x_wconf 88' lang='lat' dir='ltr'>distulit,</span> <span class='ocrx_word' id='word_1_77' title='bbox 1237 1387 1304 1468; x_wconf 86' lang='lat' dir='ltr'>pla·</span> <span class='ocrx_word' id='word_1_78' title='bbox 1363 1423 1368 1434; x_wconf 86' lang='lat'><strong>·</strong></span> 
     </span>
     <span class='ocr_line' id='line_1_10' title="bbox 172 1485 1304 1571; baseline 0.003 -20"><span class='ocrx_word' id='word_1_79' title='bbox 172 1485 314 1552; x_wconf 91' lang='lat' dir='ltr'>culorum</span> <span class='ocrx_word' id='word_1_80' title='bbox 337 1490 443 1552; x_wconf 85' lang='lat' dir='ltr'>antem</span> <span class='ocrx_word' id='word_1_81' title='bbox 466 1488 500 1552; x_wconf 93' lang='lat' dir='ltr'>et</span> <span class='ocrx_word' id='word_1_82' title='bbox 514 1487 692 1566; x_wconf 89' lang='lat' dir='ltr'>criminum,</span> <span class='ocrx_word' id='word_1_83' title='bbox 717 1489 799 1570; x_wconf 88' lang='lat' dir='ltr'>quod</span> <span class='ocrx_word' id='word_1_84' title='bbox 822 1487 988 1571; x_wconf 86' lang='lat' dir='ltr'>aliquando</span> <span class='ocrx_word' id='word_1_85' title='bbox 1006 1491 1149 1570; x_wconf 87' lang='lat' dir='ltr'>peccator</span> <span class='ocrx_word' id='word_1_86' title='bbox 1172 1490 1304 1571; x_wconf 89' lang='lat' dir='ltr'>popalus</span> 
     </span>
     <span class='ocr_line' id='line_1_11' title="bbox 139 1590 1304 1673; baseline 0.006 -23"><span class='ocrx_word' id='word_1_87' title='bbox 139 1608 250 1672; x_wconf 78' lang='lat' dir='ltr'>requae</span> <span class='ocrx_word' id='word_1_88' title='bbox 278 1590 458 1656; x_wconf 86' lang='lat' dir='ltr'>merebatur</span> <span class='ocrx_word' id='word_1_89' title='bbox 487 1591 618 1673; x_wconf 81' lang='lat' dir='ltr'>excepit.</span> <span class='ocrx_word' id='word_1_90' title='bbox 662 1591 723 1655; x_wconf 90' lang='lat' dir='ltr'>nisi</span> <span class='ocrx_word' id='word_1_91' title='bbox 746 1591 828 1655; x_wconf 84' lang='lat' dir='ltr'>forte</span> <span class='ocrx_word' id='word_1_92' title='bbox 851 1591 944 1656; x_wconf 83' lang='lat' dir='ltr'>Afros</span> <span class='ocrx_word' id='word_1_93' title='bbox 973 1591 1032 1656; x_wconf 92' lang='lat' dir='ltr'>boc</span> <span class='ocrx_word' id='word_1_94' title='bbox 1059 1609 1121 1656; x_wconf 87' lang='lat' dir='ltr'>nou</span> <span class='ocrx_word' id='word_1_95' title='bbox 1150 1591 1304 1658; x_wconf 88' lang='lat' dir='ltr'>meruisse</span> 
     </span>
     <span class='ocr_line' id='line_1_12' title="bbox 172 1693 1305 1777; baseline 0.003 -18"><span class='ocrx_word' id='word_1_96' title='bbox 172 1693 335 1773; x_wconf 84' lang='lat' dir='ltr'>credimus,</span> <span class='ocrx_word' id='word_1_97' title='bbox 360 1712 431 1759; x_wconf 89' lang='lat' dir='ltr'>cum</span> <span class='ocrx_word' id='word_1_98' title='bbox 455 1694 564 1776; x_wconf 88' lang='lat' dir='ltr'>utiquc</span> <span class='ocrx_word' id='word_1_99' title='bbox 586 1694 668 1758; x_wconf 90' lang='lat' dir='ltr'>nulli</span> <span class='ocrx_word' id='word_1_100' title='bbox 682 1695 795 1776; x_wconf 92' lang='lat' dir='ltr'>magis,</span> <span class='ocrx_word' id='word_1_101' title='bbox 818 1696 928 1776; x_wconf 85' lang='lat' dir='ltr'>utpote</span> <span class='ocrx_word' id='word_1_102' title='bbox 946 1695 1071 1777; x_wconf 88' lang='lat' dir='ltr'>inques</span> <span class='ocrx_word' id='word_1_103' title='bbox 1089 1696 1194 1760; x_wconf 84' lang='lat' dir='ltr'>omnia</span> <span class='ocrx_word' id='word_1_104' title='bbox 1209 1697 1305 1762; x_wconf 91' lang='lat' dir='ltr'>simul</span> 
     </span>
     <span class='ocr_line' id='line_1_13' title="bbox 172 1797 1355 1882; baseline 0.003 -20"><span class='ocrx_word' id='word_1_105' title='bbox 172 1797 409 1878; x_wconf 78' lang='lat' dir='ltr'>improbitatum</span> <span class='ocrx_word' id='word_1_106' title='bbox 439 1801 532 1879; x_wconf 84' lang='lat' dir='ltr'>atque</span> <span class='ocrx_word' id='word_1_107' title='bbox 560 1797 781 1878; x_wconf 87' lang='lat' dir='ltr'>impuritatum</span> <span class='ocrx_word' id='word_1_108' title='bbox 813 1815 927 1882; x_wconf 86' lang='lat' dir='ltr'>genera</span> <span class='ocrx_word' id='word_1_109' title='bbox 950 1797 1163 1862; x_wconf 87' lang='lat' dir='ltr'>confluxerint.</span> <span class='ocrx_word' id='word_1_110' title='bbox 1209 1801 1305 1864; x_wconf 91' lang='lat' dir='ltr'>ceteri</span> <span class='ocrx_word' id='word_1_111' title='bbox 1315 1801 1355 1866; x_wconf 85' lang='grc'>57</span> 
     </span>
     <span class='ocr_line' id='line_1_14' title="bbox 172 1898 1304 1984; baseline 0.003 -21"><span class='ocrx_word' id='word_1_112' title='bbox 172 1900 254 1964; x_wconf 86' lang='lat' dir='ltr'>enirn</span> <span class='ocrx_word' id='word_1_113' title='bbox 282 1899 441 1974; x_wconf 89' lang='lat' dir='ltr'>homines,</span> <span class='ocrx_word' id='word_1_114' title='bbox 471 1900 530 1964; x_wconf 92' lang='lat' dir='ltr'>etsi</span> <span class='ocrx_word' id='word_1_115' title='bbox 552 1900 711 1964; x_wconf 89' lang='lat' dir='ltr'>nonnullis</span> <span class='ocrx_word' id='word_1_116' title='bbox 735 1900 886 1964; x_wconf 89' lang='lat' dir='ltr'>uitiorum</span> <span class='ocrx_word' id='word_1_117' title='bbox 908 1898 1038 1984; x_wconf 83' lang='lat' dir='ltr'>flagitiis</span> <span class='ocrx_word' id='word_1_118' title='bbox 1065 1900 1304 1983; x_wconf 71' lang='lat' dir='ltr'>obligassent,</span> 
     </span>
     <span class='ocr_line' id='line_1_15' title="bbox 171 2003 1306 2086; baseline 0.003 -20"><span class='ocrx_word' id='word_1_119' title='bbox 171 2003 358 2084; x_wconf 88' lang='lat' dir='ltr'>quibusdam</span> <span class='ocrx_word' id='word_1_120' title='bbox 381 2007 571 2067; x_wconf 87' lang='lat' dir='ltr'>tamennon</span> <span class='ocrx_word' id='word_1_121' title='bbox 594 2003 806 2086; x_wconf 86' lang='lat' dir='ltr'>implicantur,</span> <span class='ocrx_word' id='word_1_122' title='bbox 836 2005 893 2068; x_wconf 88' lang='lat' dir='ltr'>etsi</span> <span class='ocrx_word' id='word_1_123' title='bbox 916 2003 1089 2069; x_wconf 85' lang='lat' dir='ltr'>rinolentia</span> <span class='ocrx_word' id='word_1_124' title='bbox 1112 2022 1173 2068; x_wconf 88' lang='lat' dir='ltr'>non</span> <span class='ocrx_word' id='word_1_125' title='bbox 1196 2006 1306 2069; x_wconf 86' lang='lat' dir='ltr'>carent</span> 
     </span>
     <span class='ocr_line' id='line_1_16' title="bbox 139 2105 1304 2190; baseline 0.004 -23"><span class='ocrx_word' id='word_1_126' title='bbox 139 2106 388 2172; x_wconf 76' lang='lat' dir='ltr'>ramaliuolentia</span> <span class='ocrx_word' id='word_1_127' title='bbox 410 2106 523 2187; x_wconf 84' lang='lat' dir='ltr'>careat,</span> <span class='ocrx_word' id='word_1_128' title='bbox 548 2105 609 2171; x_wconf 90' lang='lat' dir='ltr'>etsi</span> <span class='ocrx_word' id='word_1_129' title='bbox 632 2106 763 2171; x_wconf 91' lang='lat' dir='ltr'>libidine</span> <span class='ocrx_word' id='word_1_130' title='bbox 787 2107 934 2172; x_wconf 85' lang='lat' dir='ltr'>aestuant</span> <span class='ocrx_word' id='word_1_131' title='bbox 958 2106 1129 2190; x_wconf 86' lang='lat' dir='ltr'>rapacitate</span> <span class='ocrx_word' id='word_1_132' title='bbox 1152 2125 1214 2173; x_wconf 90' lang='lat' dir='ltr'>non</span> <span class='ocrx_word' id='word_1_133' title='bbox 1237 2125 1304 2174; x_wconf 84' lang='lat' dir='ltr'>sae·</span> 
     </span>
     <span class='ocr_line' id='line_1_17' title="bbox 170 2207 1354 2294; baseline 0.001 -21"><span class='ocrx_word' id='word_1_134' title='bbox 170 2209 279 2273; x_wconf 88' lang='lat' dir='ltr'>uiant:</span> <span class='ocrx_word' id='word_1_135' title='bbox 307 2207 424 2273; x_wconf 89' lang='lat' dir='ltr'>multos</span> <span class='ocrx_word' id='word_1_136' title='bbox 447 2207 595 2291; x_wconf 82' lang='lat' dir='ltr'>dentque,</span> <span class='ocrx_word' id='word_1_137' title='bbox 627 2209 687 2273; x_wconf 88' lang='lat' dir='ltr'>etsi</span> <span class='ocrx_word' id='word_1_138' title='bbox 718 2211 844 2275; x_wconf 87' lang='lat' dir='ltr'>accusat</span> <span class='ocrx_word' id='word_1_139' title='bbox 871 2208 1101 2274; x_wconf 88' lang='lat' dir='ltr'>incontinentia</span> <span class='ocrx_word' id='word_1_140' title='bbox 1130 2228 1303 2292; x_wconf 87' lang='lat' dir='ltr'>corporum,</span> <span class='ocrx_word' id='word_1_141' title='bbox 1351 2285 1354 2294; x_wconf 30' lang='grc' dir='ltr'>Ι</span> 
     </span>
     <span class='ocr_line' id='line_1_18' title="bbox 169 2310 1304 2394; baseline 0 -17"><span class='ocrx_word' id='word_1_142' title='bbox 169 2310 355 2394; x_wconf 86' lang='lat' dir='ltr'>simplicitas</span> <span class='ocrx_word' id='word_1_143' title='bbox 379 2312 578 2377; x_wconf 89' lang='lat' dir='ltr'>commendat</span> <span class='ocrx_word' id='word_1_144' title='bbox 594 2313 781 2376; x_wconf 87' lang='lat' dir='ltr'>animorum.</span> <span class='ocrx_word' id='word_1_145' title='bbox 805 2311 839 2376; x_wconf 89' lang='lat' dir='ltr'>io</span> <span class='ocrx_word' id='word_1_146' title='bbox 855 2311 941 2376; x_wconf 85' lang='lat' dir='ltr'>Afris</span> <span class='ocrx_word' id='word_1_147' title='bbox 957 2328 1029 2376; x_wconf 91' lang='lat' dir='ltr'>uero</span> <span class='ocrx_word' id='word_1_148' title='bbox 1049 2331 1145 2394; x_wconf 87' lang='lat' dir='ltr'>paene</span> <span class='ocrx_word' id='word_1_149' title='bbox 1160 2314 1304 2378; x_wconf 88' lang='lat' dir='ltr'>omnibus</span> 
     </span>
     <span class='ocr_line' id='line_1_19' title="bbox 169 2415 1304 2498; baseline 0.003 -19"><span class='ocrx_word' id='word_1_150' title='bbox 169 2415 248 2480; x_wconf 91' lang='lat' dir='ltr'>nibil</span> <span class='ocrx_word' id='word_1_151' title='bbox 271 2416 385 2480; x_wconf 90' lang='lat' dir='ltr'>borum</span> <span class='ocrx_word' id='word_1_152' title='bbox 408 2417 472 2498; x_wconf 87' lang='lat' dir='ltr'>est,</span> <span class='ocrx_word' id='word_1_153' title='bbox 506 2416 588 2498; x_wconf 88' lang='lat' dir='ltr'>quod</span> <span class='ocrx_word' id='word_1_154' title='bbox 613 2415 651 2480; x_wconf 85' lang='lat' dir='ltr'>ed</span> <span class='ocrx_word' id='word_1_155' title='bbox 673 2416 842 2497; x_wconf 88' lang='lat' dir='ltr'>utrumque</span> <span class='ocrx_word' id='word_1_156' title='bbox 864 2415 1036 2496; x_wconf 87' lang='lat' dir='ltr'>pertineat,</span> <span class='ocrx_word' id='word_1_157' title='bbox 1064 2415 1096 2480; x_wconf 91' lang='lat' dir='ltr'>id</span> <span class='ocrx_word' id='word_1_158' title='bbox 1119 2419 1167 2481; x_wconf 90' lang='lat' dir='ltr'>est</span> <span class='ocrx_word' id='word_1_159' title='bbox 1189 2418 1304 2483; x_wconf 91' lang='lat' dir='ltr'>bonnm</span> 
     </span>
     <span class='ocr_line' id='line_1_20' title="bbox 169 2518 1304 2602; baseline 0.002 -19"><span class='ocrx_word' id='word_1_160' title='bbox 169 2537 264 2602; x_wconf 82' lang='lat' dir='ltr'>aeque</span> <span class='ocrx_word' id='word_1_161' title='bbox 288 2535 325 2583; x_wconf 87' lang='lat' dir='ltr'>ac</span> <span class='ocrx_word' id='word_1_162' title='bbox 347 2518 477 2597; x_wconf 87' lang='lat' dir='ltr'>malum,</span> <span class='ocrx_word' id='word_1_163' title='bbox 501 2519 574 2600; x_wconf 89' lang='lat' dir='ltr'>quia</span> <span class='ocrx_word' id='word_1_164' title='bbox 596 2521 700 2584; x_wconf 89' lang='lat' dir='ltr'>totum</span> <span class='ocrx_word' id='word_1_165' title='bbox 723 2518 890 2584; x_wconf 85' lang='lat' dir='ltr'>admodum</span> <span class='ocrx_word' id='word_1_166' title='bbox 913 2518 1042 2584; x_wconf 84' lang='lat' dir='ltr'>malum.</span> <span class='ocrx_word' id='word_1_167' title='bbox 1080 2521 1154 2584; x_wconf 84' lang='lat' dir='ltr'>adeo</span> <span class='ocrx_word' id='word_1_168' title='bbox 1178 2518 1304 2585; x_wconf 85' lang='lat' dir='ltr'>exclusa</span> 
     </span>
     <span class='ocr_line' id='line_1_21' title="bbox 135 2620 1302 2705; baseline 0.002 -17"><span class='ocrx_word' id='word_1_169' title='bbox 135 2626 300 2688; x_wconf 77' lang='lat' dir='ltr'>ornaturae</span> <span class='ocrx_word' id='word_1_170' title='bbox 315 2620 477 2705; x_wconf 86' lang='lat' dir='ltr'>originalis</span> <span class='ocrx_word' id='word_1_171' title='bbox 493 2621 676 2687; x_wconf 89' lang='lat' dir='ltr'>sinceritate</span> <span class='ocrx_word' id='word_1_172' title='bbox 692 2622 787 2688; x_wconf 90' lang='lat' dir='ltr'>aliam</span> <span class='ocrx_word' id='word_1_173' title='bbox 803 2622 1030 2704; x_wconf 87' lang='lat' dir='ltr'>quodammodo</span> <span class='ocrx_word' id='word_1_174' title='bbox 1041 2622 1074 2687; x_wconf 92' lang='lat' dir='ltr'>in</span> <span class='ocrx_word' id='word_1_175' title='bbox 1091 2622 1139 2688; x_wconf 92' lang='lat' dir='ltr'>his</span> <span class='ocrx_word' id='word_1_176' title='bbox 1154 2628 1302 2690; x_wconf 87' lang='lat' dir='ltr'>naturam</span> 
     </span>
     <span class='ocr_line' id='line_1_22' title="bbox 167 2724 419 2790; baseline -0.004 0"><span class='ocrx_word' id='word_1_177' title='bbox 167 2725 247 2790; x_wconf 78' lang='lat' dir='ltr'>uilla</span> <span class='ocrx_word' id='word_1_178' title='bbox 269 2724 419 2790; x_wconf 89' lang='lat' dir='ltr'>fecerunt.</span> 
     </span>
    </p>
   </div>
   <div class='ocr_carea' id='block_1_3' title="bbox 132 2861 1353 3570">
    <p class='ocr_par' dir='ltr' id='par_1_3' title="bbox 165 2861 1353 3156">
     <span class='ocr_line' id='line_1_23' title="bbox 210 2861 1353 2948; baseline 0.002 -20"><span class='ocrx_word' id='word_1_179' title='bbox 210 2861 320 2929; x_wconf 89' lang='lat' dir='ltr'>XIIII.</span> <span class='ocrx_word' id='word_1_180' title='bbox 342 2863 488 2946; x_wconf 80' lang='lat' dir='ltr'>Exceptis</span> <span class='ocrx_word' id='word_1_181' title='bbox 513 2862 596 2928; x_wconf 88' lang='lat' dir='ltr'>euim</span> <span class='ocrx_word' id='word_1_182' title='bbox 618 2864 814 2948; x_wconf 85' lang='lat' dir='ltr'>paucissimis</span> <span class='ocrx_word' id='word_1_183' title='bbox 838 2866 887 2931; x_wconf 92' lang='lat' dir='ltr'>dei</span> <span class='ocrx_word' id='word_1_184' title='bbox 910 2865 1008 2930; x_wconf 90' lang='lat' dir='ltr'>seruis</span> <span class='ocrx_word' id='word_1_185' title='bbox 1030 2867 1104 2948; x_wconf 89' lang='lat' dir='ltr'>quid</span> <span class='ocrx_word' id='word_1_186' title='bbox 1122 2865 1183 2930; x_wconf 86' lang='lat' dir='ltr'>fuit</span> <span class='ocrx_word' id='word_1_187' title='bbox 1198 2869 1301 2932; x_wconf 91' lang='lat' dir='ltr'>totum</span> <span class='ocrx_word' id='word_1_188' title='bbox 1311 2866 1353 2932; x_wconf 83' lang='lat'>58</span> 
     </span>
     <span class='ocr_line' id='line_1_24' title="bbox 167 2963 1299 3049; baseline 0.005 -20"><span class='ocrx_word' id='word_1_189' title='bbox 167 2963 292 3032; x_wconf 85' lang='lat' dir='ltr'>Africae</span> <span class='ocrx_word' id='word_1_190' title='bbox 326 2965 521 3032; x_wconf 88' lang='lat' dir='ltr'>territorium</span> <span class='ocrx_word' id='word_1_191' title='bbox 556 2984 650 3049; x_wconf 89' lang='lat' dir='ltr'>quam</span> <span class='ocrx_word' id='word_1_192' title='bbox 684 2969 793 3033; x_wconf 91' lang='lat' dir='ltr'>domus</span> <span class='ocrx_word' id='word_1_193' title='bbox 827 2987 890 3034; x_wconf 89' lang='lat' dir='ltr'>una</span> <span class='ocrx_word' id='word_1_194' title='bbox 918 2969 1087 3045; x_wconf 88' lang='lat' dir='ltr'>uitiorum,</span> <span class='ocrx_word' id='word_1_195' title='bbox 1121 2988 1216 3035; x_wconf 86' lang='lat' dir='ltr'>aeneo</span> <span class='ocrx_word' id='word_1_196' title='bbox 1249 2969 1299 3035; x_wconf 93' lang='lat' dir='ltr'>illi</span> 
     </span>
     <span class='ocr_line' id='line_1_25' title="bbox 165 3067 1296 3156; baseline 0.004 -24"><span class='ocrx_word' id='word_1_197' title='bbox 165 3067 296 3147; x_wconf 91' lang='lat' dir='ltr'>similis,</span> <span class='ocrx_word' id='word_1_198' title='bbox 330 3069 369 3134; x_wconf 88' lang='lat' dir='ltr'>de</span> <span class='ocrx_word' id='word_1_199' title='bbox 404 3088 464 3151; x_wconf 89' lang='lat' dir='ltr'>quo</span> <span class='ocrx_word' id='word_1_200' title='bbox 497 3069 648 3154; x_wconf 88' lang='lat' dir='ltr'>propbeta</span> <span class='ocrx_word' id='word_1_201' title='bbox 681 3071 773 3138; x_wconf 79' lang='lat' dir='ltr'>dicit:</span> <span class='ocrx_word' id='word_1_202' title='bbox 808 3090 825 3135; x_wconf 94' lang='lat' dir='ltr'>o</span> <span class='ocrx_word' id='word_1_203' title='bbox 856 3071 1004 3137; x_wconf 89' lang='lat' dir='ltr'>ciuitas</span> <span class='ocrx_word' id='word_1_204' title='bbox 1039 3072 1296 3156; x_wconf 81' lang='lat' dir='ltr'>sanguinum!</span> 
     </span>
    </p>

    <p class='ocr_par' dir='ltr' id='par_1_4' title="bbox 132 3173 1301 3570">
     <span class='ocr_line' id='line_1_26' title="bbox 132 3173 1294 3259; baseline 0.001 -21"><span class='ocrx_word' id='word_1_205' title='bbox 132 3191 349 3253; x_wconf 82' lang='lat' dir='ltr'>aseneum,</span> <span class='ocrx_word' id='word_1_206' title='bbox 377 3173 417 3237; x_wconf 91' lang='lat' dir='ltr'>in</span> <span class='ocrx_word' id='word_1_207' title='bbox 445 3191 517 3256; x_wconf 89' lang='lat' dir='ltr'>quo</span> <span class='ocrx_word' id='word_1_208' title='bbox 540 3175 601 3237; x_wconf 91' lang='lat' dir='ltr'>est</span> <span class='ocrx_word' id='word_1_209' title='bbox 622 3193 785 3258; x_wconf 88' lang='lat' dir='ltr'>aerugo,</span> <span class='ocrx_word' id='word_1_210' title='bbox 814 3193 886 3240; x_wconf 91' lang='lat' dir='ltr'>uon</span> <span class='ocrx_word' id='word_1_211' title='bbox 916 3175 1016 3241; x_wconf 90' lang='lat' dir='ltr'>exiit</span> <span class='ocrx_word' id='word_1_212' title='bbox 1039 3176 1082 3241; x_wconf 94' lang='lat' dir='ltr'>de</span> <span class='ocrx_word' id='word_1_213' title='bbox 1110 3191 1171 3252; x_wconf 90' lang='lat' dir='ltr'>eo,</span> <span class='ocrx_word' id='word_1_214' title='bbox 1202 3175 1294 3259; x_wconf 88' lang='lat' dir='ltr'>quia</span> 
     </span>
     <span class='ocr_line' id='line_1_27' title="bbox 166 3275 1301 3358; baseline 0.004 -19"><span class='ocrx_word' id='word_1_215' title='bbox 166 3275 329 3358; x_wconf 87' lang='lat' dir='ltr'>sanguis</span> <span class='ocrx_word' id='word_1_216' title='bbox 351 3294 426 3341; x_wconf 89' lang='lat' dir='ltr'>uon</span> <span class='ocrx_word' id='word_1_217' title='bbox 449 3278 554 3343; x_wconf 81' lang='lat' dir='ltr'>exiet</span> <span class='ocrx_word' id='word_1_218' title='bbox 576 3276 620 3341; x_wconf 91' lang='lat' dir='ltr'>de</span> <span class='ocrx_word' id='word_1_219' title='bbox 644 3275 709 3342; x_wconf 75' lang='lat' dir='ltr'>eo&#39;?</span> <span class='ocrx_word' id='word_1_220' title='bbox 732 3277 905 3357; x_wconf 88' lang='lat' dir='ltr'>ciuitatem,</span> <span class='ocrx_word' id='word_1_221' title='bbox 921 3284 957 3343; x_wconf 90' lang='lat' dir='ltr'>ut</span> <span class='ocrx_word' id='word_1_222' title='bbox 973 3279 1126 3356; x_wconf 89' lang='lat' dir='ltr'>uidemus,</span> <span class='ocrx_word' id='word_1_223' title='bbox 1149 3298 1244 3344; x_wconf 89' lang='lat' dir='ltr'>aeneo</span> <span class='ocrx_word' id='word_1_224' title='bbox 1269 3281 1301 3345; x_wconf 92' lang='lat' dir='ltr'>et</span> 
     </span>
     <span class='ocr_line' id='line_1_28' title="bbox 165 3377 1301 3463; baseline 0.004 -22"><span class='ocrx_word' id='word_1_225' title='bbox 165 3377 368 3459; x_wconf 88' lang='lat' dir='ltr'>iniquitatem</span> <span class='ocrx_word' id='word_1_226' title='bbox 391 3378 536 3461; x_wconf 87' lang='lat' dir='ltr'>sanguini</span> <span class='ocrx_word' id='word_1_227' title='bbox 564 3379 773 3462; x_wconf 85' lang='lat' dir='ltr'>comparauit,</span> <span class='ocrx_word' id='word_1_228' title='bbox 802 3383 838 3444; x_wconf 89' lang='lat' dir='ltr'>ut</span> <span class='ocrx_word' id='word_1_229' title='bbox 865 3380 1084 3463; x_wconf 88' lang='lat' dir='ltr'>intellegamus</span> <span class='ocrx_word' id='word_1_230' title='bbox 1109 3380 1233 3448; x_wconf 88' lang='lat' dir='ltr'>scilicet</span> <span class='ocrx_word' id='word_1_231' title='bbox 1256 3382 1301 3448; x_wconf 89' lang='lat' dir='ltr'>sic</span> 
     </span>
     <span class='ocr_line' id='line_1_29' title="bbox 166 3481 1299 3570; baseline 0.004 -26"><span class='ocrx_word' id='word_1_232' title='bbox 166 3497 233 3546; x_wconf 89' lang='lat' dir='ltr'>esse</span> <span class='ocrx_word' id='word_1_233' title='bbox 256 3483 289 3548; x_wconf 90' lang='lat' dir='ltr'>in</span> <span class='ocrx_word' id='word_1_234' title='bbox 312 3481 440 3548; x_wconf 84' lang='lat' dir='ltr'>ciuitate</span> <span class='ocrx_word' id='word_1_235' title='bbox 462 3482 570 3568; x_wconf 91' lang='lat' dir='ltr'>populi</span> <span class='ocrx_word' id='word_1_236' title='bbox 592 3481 812 3565; x_wconf 87' lang='lat' dir='ltr'>iniquitatem,</span> <span class='ocrx_word' id='word_1_237' title='bbox 839 3484 920 3549; x_wconf 85' lang='lat' dir='ltr'>sicut</span> <span class='ocrx_word' id='word_1_238' title='bbox 941 3485 975 3548; x_wconf 87' lang='lat' dir='ltr'>in</span> <span class='ocrx_word' id='word_1_239' title='bbox 997 3501 1091 3552; x_wconf 86' lang='lat' dir='ltr'>aeneo</span> <span class='ocrx_word' id='word_1_240' title='bbox 1114 3487 1299 3570; x_wconf 86' lang='lat' dir='ltr'>sanguinem</span> 
     </span>
    </p>
   </div>
   <div class='ocr_carea' id='block_1_4' title="bbox 268 3735 512 3804">
    <p class='ocr_par' dir='ltr' id='par_1_5' title="bbox 268 3735 512 3804">
     <span class='ocr_line' id='line_1_30' title="bbox 268 3735 512 3804; baseline 0.008 -15"><span class='ocrx_word' id='word_1_241' title='bbox 268 3735 303 3790; x_wconf 80' lang='lat'>24</span> <span class='ocrx_word' id='word_1_242' title='bbox 321 3735 416 3794; x_wconf 78' lang='lat' dir='ltr'>Erech.</span> <span class='ocrx_word' id='word_1_243' title='bbox 434 3735 477 3804; x_wconf 82' lang='lat'>24,</span> <span class='ocrx_word' id='word_1_244' title='bbox 495 3737 512 3791; x_wconf 90' lang='grc'><strong>6</strong></span> 
     </span>
    </p>
   </div>
   <div class='ocr_carea' id='block_1_5' title="bbox 97 3975 1298 4132">
    <p class='ocr_par' dir='ltr' id='par_1_6' title="bbox 97 3975 1298 4132">
     <span class='ocr_line' id='line_1_31' title="bbox 97 3975 1298 4048; baseline 0.006 -21"><span class='ocrx_word' id='word_1_245' title='bbox 97 3981 100 3987; x_wconf 91' lang='grc'><strong><em>’</em></strong></span> <span class='ocrx_word' id='word_1_246' title='bbox 216 3975 335 4045; x_wconf 72' lang='lat' dir='ltr'>tengIt</span> <span class='ocrx_word' id='word_1_247' title='bbox 353 3977 381 4029; x_wconf 99' lang='lat' dir='ltr'><strong><em>A</em></strong></span> <span class='ocrx_word' id='word_1_248' title='bbox 484 3977 672 4032; x_wconf 73' lang='lat' dir='ltr'>temeritatis</span> <span class='ocrx_word' id='word_1_249' title='bbox 690 3975 739 4030; x_wconf 83' lang='lat' dir='ltr'>eccl</span> <span class='ocrx_word' id='word_1_250' title='bbox 756 3993 769 4030; x_wconf 87' lang='lat' dir='ltr'>s</span> <span class='ocrx_word' id='word_1_251' title='bbox 786 3977 836 4044; x_wconf 79' lang='lat' dir='ltr'>fia.</span> <span class='ocrx_word' id='word_1_252' title='bbox 849 3978 948 4033; x_wconf 79' lang='lat' dir='ltr'>terrae.</span> <span class='ocrx_word' id='word_1_253' title='bbox 967 3978 994 4033; x_wconf 89' lang='lat' dir='ltr'><strong><em>A</em></strong></span> <span class='ocrx_word' id='word_1_254' title='bbox 1099 3981 1129 4035; x_wconf 90' lang='grc'>11</span> <span class='ocrx_word' id='word_1_255' title='bbox 1149 3982 1243 4048; x_wconf 90' lang='lat' dir='ltr'>utpote</span> <span class='ocrx_word' id='word_1_256' title='bbox 1263 3995 1298 4034; x_wconf 83' lang='lat' dir='ltr'>err</span> 
     </span>
     <span class='ocr_line' id='line_1_32' title="bbox 161 4061 1297 4132; baseline 0.006 -19"><span class='ocrx_word' id='word_1_257' title='bbox 161 4061 261 4130; x_wconf 86' lang='lat' dir='ltr'>utpute</span> <span class='ocrx_word' id='word_1_258' title='bbox 284 4062 312 4116; x_wconf 88' lang='lat' dir='ltr'><strong><em>A</em></strong></span> <span class='ocrx_word' id='word_1_259' title='bbox 335 4077 405 4116; x_wconf 83' lang='lat' dir='ltr'>corr.</span> <span class='ocrx_word' id='word_1_260' title='bbox 428 4066 498 4116; x_wconf 74' lang='lat' dir='ltr'>aaz</span> <span class='ocrx_word' id='word_1_261' title='bbox 601 4063 634 4116; x_wconf 86' lang='lat'>13</span> <span class='ocrx_word' id='word_1_262' title='bbox 661 4062 827 4132; x_wconf 84' lang='lat' dir='ltr'>flagitiorum</span> <span class='ocrx_word' id='word_1_263' title='bbox 846 4064 923 4118; x_wconf 90' lang='lat' dir='ltr'>uitiis</span> <span class='ocrx_word' id='word_1_264' title='bbox 950 4063 979 4118; x_wconf 90' lang='lat' dir='ltr'><strong><em>B</em></strong></span> <span class='ocrx_word' id='word_1_265' title='bbox 1084 4067 1116 4121; x_wconf 89' lang='grc'>19</span> <span class='ocrx_word' id='word_1_266' title='bbox 1143 4065 1297 4120; x_wconf 87' lang='lat' dir='ltr'>ammodum</span> 
     </span>
    </p>
   </div>
   <div class='ocr_carea' id='block_1_6' title="bbox 159 4146 1299 4394">
    <p class='ocr_par' dir='ltr' id='par_1_7' title="bbox 159 4146 1299 4394">
     <span class='ocr_line' id='line_1_33' title="bbox 161 4146 1299 4207; baseline 0.005 -6"><span class='ocrx_word' id='word_1_267' title='bbox 161 4147 190 4201; x_wconf 87' lang='lat' dir='ltr'><strong><em>A</em></strong></span> <span class='ocrx_word' id='word_1_268' title='bbox 294 4146 329 4201; x_wconf 78' lang='lat'>20</span> <span class='ocrx_word' id='word_1_269' title='bbox 355 4147 512 4203; x_wconf 78' lang='lat' dir='ltr'>sincerItate</span> <span class='ocrx_word' id='word_1_270' title='bbox 531 4163 564 4202; x_wconf 74' lang='lat' dir='ltr'>eo&gt;</span> <span class='ocrx_word' id='word_1_271' title='bbox 587 4149 743 4202; x_wconf 86' lang='lat' dir='ltr'>sentiritate</span> <span class='ocrx_word' id='word_1_272' title='bbox 768 4150 795 4203; x_wconf 87' lang='lat' dir='ltr'><strong><em>A</em></strong></span> <span class='ocrx_word' id='word_1_273' title='bbox 813 4165 883 4204; x_wconf 87' lang='lat' dir='ltr'>corr.</span> <span class='ocrx_word' id='word_1_274' title='bbox 903 4153 977 4206; x_wconf 63' lang='lat' dir='ltr'>oct</span> <span class='ocrx_word' id='word_1_275' title='bbox 1080 4151 1115 4205; x_wconf 80' lang='lat'>23</span> <span class='ocrx_word' id='word_1_276' title='bbox 1142 4153 1299 4207; x_wconf 87' lang='lat' dir='ltr'>territorum</span> 
     </span>
     <span class='ocr_line' id='line_1_34' title="bbox 159 4233 1298 4308; baseline 0.004 -20"><span class='ocrx_word' id='word_1_277' title='bbox 159 4249 182 4288; x_wconf 85' lang='lat' dir='ltr'>e.</span> <span class='ocrx_word' id='word_1_278' title='bbox 195 4249 247 4288; x_wconf 84' lang='lat' dir='ltr'>aer.</span> <span class='ocrx_word' id='word_1_279' title='bbox 260 4233 310 4288; x_wconf 79' lang='lat' dir='ltr'>alt.</span> <span class='ocrx_word' id='word_1_280' title='bbox 323 4233 387 4302; x_wconf 81' lang='lat' dir='ltr'>epll.</span> <span class='ocrx_word' id='word_1_281' title='bbox 405 4235 416 4287; x_wconf 86' lang='lat' dir='ltr'>i</span> <span class='ocrx_word' id='word_1_282' title='bbox 434 4235 462 4287; x_wconf 90' lang='lat' dir='ltr'><strong><em>A</em></strong></span> <span class='ocrx_word' id='word_1_283' title='bbox 563 4235 596 4289; x_wconf 75' lang='grc'>25</span> <span class='ocrx_word' id='word_1_284' title='bbox 615 4235 670 4288; x_wconf 89' lang='lat' dir='ltr'>exit</span> <span class='ocrx_word' id='word_1_285' title='bbox 687 4236 724 4302; x_wconf 92' lang='lat' dir='ltr'>B,</span> <span class='ocrx_word' id='word_1_286' title='bbox 748 4239 813 4291; x_wconf 82' lang='lat' dir='ltr'>item</span> <span class='ocrx_word' id='word_1_287' title='bbox 829 4239 925 4293; x_wconf 75' lang='lat' dir='ltr'>atatim</span> <span class='ocrx_word' id='word_1_288' title='bbox 937 4255 993 4308; x_wconf 82' lang='lat' dir='ltr'>pro</span> <span class='ocrx_word' id='word_1_289' title='bbox 1011 4238 1081 4292; x_wconf 88' lang='lat' dir='ltr'>exiet</span> <span class='ocrx_word' id='word_1_290' title='bbox 1178 4239 1212 4293; x_wconf 84' lang='grc'>26</span> <span class='ocrx_word' id='word_1_291' title='bbox 1231 4239 1298 4294; x_wconf 91' lang='lat' dir='ltr'>ciui-</span> 
     </span>
     <span class='ocr_line' id='line_1_35' title="bbox 159 4320 1297 4394; baseline 0.005 -20"><span class='ocrx_word' id='word_1_292' title='bbox 159 4323 220 4374; x_wconf 85' lang='lat' dir='ltr'>tate</span> <span class='ocrx_word' id='word_1_293' title='bbox 243 4325 268 4374; x_wconf 85' lang='lat' dir='ltr'>ct</span> <span class='ocrx_word' id='word_1_294' title='bbox 291 4320 409 4375; x_wconf 86' lang='lat' dir='ltr'>uidimus</span> <span class='ocrx_word' id='word_1_295' title='bbox 434 4325 461 4375; x_wconf 84' lang='lat' dir='ltr'>et</span> <span class='ocrx_word' id='word_1_296' title='bbox 478 4321 610 4391; x_wconf 86' lang='lat' dir='ltr'>sanguine</span> <span class='ocrx_word' id='word_1_297' title='bbox 636 4323 664 4375; x_wconf 87' lang='lat' dir='ltr'><strong><em>A</em></strong></span> <span class='ocrx_word' id='word_1_298' title='bbox 768 4323 802 4379; x_wconf 77' lang='lat' dir='ltr'>at</span> <span class='ocrx_word' id='word_1_299' title='bbox 829 4325 992 4394; x_wconf 85' lang='lat' dir='ltr'>comparauit</span> <span class='ocrx_word' id='word_1_300' title='bbox 1019 4324 1046 4379; x_wconf 91' lang='lat' dir='ltr'><strong><em>B</em></strong></span> <span class='ocrx_word' id='word_1_301' title='bbox 1071 4338 1140 4379; x_wconf 84' lang='lat' dir='ltr'>corr.</span> <span class='ocrx_word' id='word_1_302' title='bbox 1167 4340 1201 4380; x_wconf 79' lang='lat' dir='ltr'>ec</span> <span class='ocrx_word' id='word_1_303' title='bbox 1228 4341 1297 4380; x_wconf 90' lang='lat' dir='ltr'>com·</span> 
     </span>
    </p>
   </div>
   <div class='ocr_carea' id='block_1_7' title="bbox 158 4423 286 4477">
    <p class='ocr_par' dir='ltr' id='par_1_8' title="bbox 158 4423 286 4477">
     <span class='ocr_line' id='line_1_36' title="bbox 158 4423 286 4477; baseline -0.008 -15"><span class='ocrx_word' id='word_1_304' title='bbox 158 4423 286 4477; x_wconf 83' lang='lat' dir='ltr'>paramus</span> 
     </span>
    </p>
   </div>
   <div class='ocr_carea' id='block_1_8' title="bbox 0 0 1594 5100">
    <p class='ocr_par' dir='ltr' id='par_1_9' title="bbox 0 0 1594 5100">
     <span class='ocr_line' id='line_1_37' title="bbox 0 0 1594 5100; baseline 0 3"><span class='ocrx_word' id='word_1_305' title='bbox 0 0 1594 5100; x_wconf 95' lang='lat' dir='ltr'> </span> 
     </span>
    </p>
   </div>
  </div>
 </body>
</html>
