3172 5098
503 505 542 560 ad
559 504 735 560 ecclesiam
759 505 804 560 111
823 508 838 570 ς
856 503 967 558 2340.
1241 503 1303 568 271

171 716 235 778 cur,
269 713 354 780 rogo,
389 699 455 760 tam
490 694 662 760 infideliter
688 713 743 760 cur
771 701 837 759 tam
864 694 973 776 inpie?
1006 713 1068 760 nou
1092 694 1245 777 exigimus
1267 694 1357 760 11127

171 801 278 865 uestra
293 801 419 866 domino
442 798 636 882 largiamini:
660 798 780 881 aliquid
803 797 859 863 deo
875 800 913 864 de
932 815 988 862 suo
1003 795 1135 862 reddite.
1167 816 1223 862 cur
1237 801 1305 861 tam

142 895 149 910 '
171 923 265 970 auare
288 923 342 968 cur
364 907 432 968 tam
454 902 550 984 impie
572 901 694 985 agitis?
716 905 844 966 nonest
866 904 1003 966 uestrum
1028 902 1109 983 quod
1132 899 1304 982 denegatis.

171 1007 316 1089 iniquum
349 1006 450 1090 igitur
483 1005 694 1096 arbitramini,
728 1009 765 1070 ut
794 1003 1005 1070 saecularibus
1034 1002 1109 1068 filiis
1141 1002 1305 1087 religiosos

149 1109 348 1175 saubstantia
370 1126 459 1193 pares
483 1125 550 1173 esse
573 1107 719 1174 famatis?
741 1109 774 1173 id
797 1126 870 1191 ergo
892 1109 996 1191 agitis,
1021 1111 1056 1171 ut
1080 1106 1241 1190 paeniteat
1256 1125 1306 1170 coe

172 1218 299 1296 coeptae
328 1212 499 1296 religionis,
529 1229 605 1294 quos
636 1211 747 1295 religio
777 1213 859 1294 apud
888 1229 944 1276 uos
974 1211 1085 1275 iecerit
1106 1208 1195 1273 uiles.
1234 1209 1305 1290 pius

172 1316 279 1399 itaque
309 1333 345 1381 ac
374 1314 474 1380 bonus
505 1316 659 1392 dominus,
691 1317 745 1397 qui
775 1315 878 1380 seruet
906 1314 941 1378 in
972 1315 1015 1378 eis
1045 1313 1238 1397 propositum
1269 1329 1308 1375 ac

172 1419 397 1501 professionem
420 1435 526 1483 suam:
549 1418 699 1500 ceterum,
723 1418 877 1499 quantum
898 1417 932 1483 in
953 1417 1043 1481 uobis
1065 1421 1124 1495 est,
1147 1416 1179 1481 id
1202 1414 1308 1498 agitis,

174 1526 209 1587 ut
238 1523 353 1587 saeculi
383 1539 435 1586 eos
465 1521 600 1587 cultores
630 1539 695 1586 esse
726 1519 860 1599 faciatis,
892 1521 1004 1604 quibus
1027 1520 1202 1585 saeculares
1224 1519 1307 1584 filios

136 1653 165 1694 ro
173 1626 347 1692 antefertis.
386 1627 461 1710 qnid
489 1628 539 1690 eat
568 1626 651 1690 enim
679 1624 767 1690 aliud
798 1643 891 1707 quam
914 1624 1097 1709 religionem
1120 1622 1307 1688 interdicere

173 1732 212 1794 ob
234 1730 417 1813 religionem
441 1729 602 1810 despeciui
624 1729 762 1793 habere?

216 1849 271 1916 Vl.
302 1851 362 1916 Sed
390 1851 496 1916 iniusti
525 1851 658 1916 fortasse
686 1851 852 1916 uideamur
875 1853 1005 1916 ounctos
1027 1851 1173 1934 parentes
1195 1851 1229 1913 iu
1251 1848 1310 1912 boc
1318 1848 1363 1915 28

172 1955 296 2038 negotio
329 1955 500 2036 aequaliter
534 1957 718 2032 accusando,
752 1971 823 2019 cum
854 1955 979 2020 scilicet
1010 1973 1071 2021 non
1102 1972 1209 2018 omnes
1237 1954 1307 2035 pari

174 2061 269 2142 agant
290 2057 458 2141 iniquitate
481 2075 554 2121 curn
575 2057 661 2122 filiis.
699 2060 772 2122 sunt
795 2061 890 2136 enim,
913 2058 1019 2142 inquit
1033 2058 1158 2142 aliquis,
1181 2058 1308 2122 suntor

137 2189 164 2230 ιε
173 2160 359 2243 parentibus
381 2160 486 2239 multi,
510 2160 563 2243 qni
586 2162 728 2244 aequales
751 2161 826 2226 filiis
841 2163 907 2227 suis
922 2161 1043 2227 iaciant
1057 2163 1225 2245 portiones,
1247 2161 1309 2225 nisi

174 2263 257 2346 quod
279 2283 339 2329 una
368 2265 493 2330 tantum
517 2281 568 2328 eos
591 2265 771 2330 condicione
793 2267 982 2342 discernunt,
1010 2267 1092 2346 quod
1114 2265 1147 2329 in
1169 2265 1210 2329 iis
1232 2265 1307 2348 ipsis

173 2367 329 2451 partibus,
360 2386 438 2451 quae
468 2367 623 2452 religiosis
653 2369 801 2434 uidentur
833 2369 976 2449 adscribi,
1007 2385 1100 2432 usum
1131 2367 1239 2432 iubent
1268 2367 1307 2430 ad

174 2489 227 2536 eos
257 2472 480 2554 proprietatem
510 2475 547 2537 ad
576 2473 654 2538 alios
681 2474 845 2556 pertinere.
884 2475 917 2565 at
945 2489 1019 2538 uero
1050 2471 1107 2537 hoc
1134 2469 1236 2535 multo
1259 2471 1309 2534 est
1317 2469 1360 2536 29

174 2577 265 2658 peius
288 2579 319 2640 ot
342 2575 507 2639 infidelius.
544 2576 766 2642 tolerabilioris
789 2579 903 2661 quippe
918 2575 1081 2659 inpietatis
1101 2573 1227 2640 uidetur
1244 2592 1308 2638 esse

138 2697 249 2747 cocum
282 2679 474 2761 proprietate
507 2681 643 2762 aliquem
676 2680 749 2746 filiis
782 2684 846 2746 suis
876 2683 979 2746 minus
1008 2681 1184 2761 relinquere
1213 2695 1308 2759 quam

174 2781 398 2865 proprietatem
427 2782 477 2845 his
508 2801 613 2848 rerum
635 2785 760 2866 penitus
783 2785 915 2850 auferre.
954 2785 1057 2868 potest
1081 2783 1165 2847 enim
1187 2779 1307 2863 aliqua·

175 2891 268 2950 tenus
291 2884 366 2950 ferri
388 2885 451 2950 ista
472 2885 621 2964 condicio,
646 2887 674 2951 si
696 2889 752 2951 aut
774 2889 883 2953 amicis
906 2892 961 2953 aut
984 2885 1139 2952 adfinibus
1161 2886 1218 2951 aut
1238 2901 1310 2968 pro·

174 2987 300 3072 pinquis
315 2989 375 3053 hac
387 2988 458 3072 lege
475 2988 594 3071 aliquid
608 2990 818 3072 relinquatur:
834 2991 908 3056 filiis
924 3009 998 3055 uero
1014 2991 1068 3073 qui
1083 2989 1309 3073 proprietatem

175 3111 282 3156 rerum
311 3109 373 3157 non
400 3090 516 3156 tribuit
544 3091 590 3156 nil
616 3093 779 3175 relinquit.
817 3094 871 3159 sed
894 3094 1016 3158 inuenit
1037 3091 1237 3175 iniquissima
1259 3091 1308 3156 irr-

137 3194 316 3265 sefidelitas
344 3198 519 3277 parentum,
548 3199 700 3278 quomodo
723 3215 742 3260 a
764 3198 953 3279 patrimonio
981 3213 1036 3260 suo
1067 3195 1160 3260 deum
1183 3194 1309 3275 penitus

175 3298 364 3376 excluderet,
387 3297 608 3387 proprietatem
631 3319 736 3364 rerum
750 3299 904 3384 religiosis
921 3299 996 3364 filiis
1013 3298 1188 3364 auferendo.
1216 3316 1309 3362 nsum

175 3401 261 3466 enim
289 3401 339 3466 his
370 3401 467 3485 dedit,
498 3402 534 3468 ut
557 3405 720 3487 essetque
743 3405 805 3488 ipsi
827 3404 980 3480 uiuerent,
1011 3402 1236 3485 proprietatem
1257 3401 1308 3466 lnis

174 3505 270 3586 tulit,
307 3507 344 3568 ut
376 3503 458 3586 qnod
494 3507 549 3570 deo
586 3506 798 3589 relinquerent
834 3527 895 3572 non
932 3506 1092 3574 haberent.
1142 3524 1158 3571 o
1192 3503 1361 3569 nouum30

178 3791 182 3797 ·
228 3761 349 3829 limpic
372 3761 455 3830 agitis
479 3761 521 3816 cd.
544 3761 681 3818 Baleomw
705 3770 777 3829 (cum
794 3767 821 3832 b)
922 3765 1047 3834 degitis
1070 3771 1095 3820 et
1112 3766 1157 3820 bic
1174 3766 1240 3831 fort.
1259 3764 1307 3818 de·

174 3847 295 3911 tardam,
312 3852 346 3902 at
354 3847 442 3916 paulo
453 3853 518 3902 aare
529 3848 606 3904 deest
700 3851 717 3903 6
734 3853 844 3918 coeptae
857 3867 890 3906 ecc
903 3853 998 3919 coepta
1015 3865 1084 3904 corr.
1098 3867 1132 3904 m.
1146 3853 1166 3903 2
1184 3850 1239 3903 AB

174 3936 355 3989 Scaetornm
381 3934 409 3988 A
519 3935 549 3989 11
577 3934 711 4005 dispectui
738 3935 793 3990 AB
906 3938 940 3991 14
964 3936 1062 4006 inquid
1090 3937 1117 3990 Β
1220 3935 1306 4003 aliqui

173 4020 231 4075 AB
334 4021 369 4074 lb
390 4021 437 4089 qui
455 4037 489 4075 ca·
508 4022 573 4090 quia
590 4037 661 4077 corr.
679 4040 712 4076 m.
727 4026 748 4077 2
765 4023 794 4078 Β
896 4023 929 4078 16
948 4023 1013 4092 quid
1033 4028 1105 4087 (ante
1124 4023 1307 4090 inlesam

172 4105 202 4159 A
297 4105 326 4158 in
344 4105 387 4175 iis]
406 4103 460 4160 inis
476 4107 504 4160 A
602 4108 636 4162 18
653 4108 687 4162 ad
704 4123 768 4162 uero
785 4109 842 4163 AB
938 4109 971 4163 19
987 4109 1181 4164 tolerabilioris
1200 4123 1233 4162 cc
1252 4123 1309 4160 ·res

172 4207 243 4248 corr.
260 4209 295 4247 m.
314 4194 336 4246 2
352 4193 381 4247 Β
482 4194 514 4247 21
533 4193 586 4264 his]
605 4193 640 4248 iis
659 4194 701 4249 cd.
720 4195 856 4250 Betucius
953 4197 1078 4265 paenitus
1096 4196 1123 4250 A
1141 4196 1204 4249 dem
1220 4192 1308 4262 paee

169 4284 235 4348 post
337 4277 373 4332 22
395 4279 488 4333 amicis
512 4293 547 4334 cc
570 4295 630 4333 -cua
652 4295 722 4334 corr.
745 4284 818 4336 m.2
840 4281 868 4336 B
971 4280 1099 4334 affinibus
1121 4297 1154 4335 aa
1172 4280 1308 4335 adfinibus

171 4379 244 4422 corr.
263 4381 296 4419 m.
316 4367 336 4418 2
355 4366 383 4418 A·
484 4364 518 4418 23
542 4365 645 4434 aliquid
668 4381 703 4421 ca
724 4368 799 4436 -qnit
822 4381 891 4422 corr.
909 4384 944 4424 m.
964 4371 982 4420 2
1004 4367 1032 4419 A
1049 4368 1114 4421 item
1131 4368 1210 4432 infru
1227 4373 1251 4431 §-
1271 4369 1308 4420 30

170 4451 209 4518 cf.
231 4453 267 4504 32
370 4449 405 4504 24
422 4451 557 4520 relinquid
576 4452 603 4506 Β
