3172 5098
508 456 549 511 ad
566 456 747 513 eeclesiam
764 457 826 514 1111
844 461 860 524 ἕ
878 457 989 514 29-37.
1248 459 1312 526 311

184 646 353 712 oliniorum
376 645 618 712 redundantium
641 645 823 729 pauimenta
839 646 924 724 uino,
948 646 1079 712 Falerno
1098 647 1196 713 nobili
1210 647 1315 712 lutum

182 750 317 829 fatiunt,
352 767 479 815 mensae
508 767 613 814 eornm
645 767 680 814 ao
709 751 886 817 toreumata
914 768 1000 816 mero
1031 751 1149 836 iugiter
1176 751 1314 835 madent,

182 871 304 937 semper
331 854 393 919 uda
420 856 503 918 sunt.
540 853 702 920 luxuriant
728 853 762 918 in
791 855 1031 935 peristromatis,
1061 872 1141 938 quae
1164 873 1221 940 ego
1243 855 1313 938 ieoi,

182 957 376 1022 seminantur
398 956 432 1022 in
460 955 577 1036 earinis
606 975 685 1038 quae
712 957 835 1041 reliqui.
875 959 907 1023 et
935 975 1005 1024 oum
1035 959 1112 1024 haee
1134 957 1238 1025 omnia
1260 974 1315 1041 pro

160 1063 215 1126 ste
237 1059 361 1137 dixeris,
390 1060 543 1143 quomodo
570 1077 632 1126 non
659 1063 820 1126 aeternam
842 1078 861 1125 a
882 1059 1006 1126 Christo
1034 1061 1316 1128 remunerationem

182 1163 294 1229 mereri
327 1163 454 1248 poteris,
489 1165 540 1228 oui
572 1163 607 1228 in
639 1161 757 1230 talibus
791 1165 907 1230 sanetis
940 1165 1101 1230 mutarum
1132 1164 1315 1230 deliciarum

183 1265 306 1350 eopiem
328 1265 545 1349 praepararis?
976 1341 980 1349 ,
1356 1267 1358 1275 ’

184 1437 186 1440 -
227 1389 298 1454 VII.
331 1387 497 1472 Oquanto
525 1388 647 1467 melius,
678 1403 890 1471 quaecumque
911 1387 969 1455 illa
991 1407 1033 1468 es,
1065 1390 1181 1472 quanto
1203 1388 1316 1456 molins
1326 1392 1369 1459 34

182 1495 214 1558 et
237 1492 394 1559 salubrius
415 1511 534 1577 pauper
555 1492 659 1558 fueras
683 1496 714 1557 et
732 1497 897 1576 egestuosa
912 1510 1006 1576 quam
1022 1491 1126 1576 diues3
1148 1496 1316 1576 paupertas

146 1597 265 1664 roenim
289 1602 321 1663 te
345 1598 402 1663 deo
429 1599 587 1664 insinuare
614 1597 778 1680 potuisset,
809 1596 940 1662 diuitiae
966 1615 1052 1662 ream
1076 1616 1142 1662 asse
1165 1595 1315 1666 fecerunt.

182 1703 298 1767 reetius
321 1718 394 1787 ergo
416 1720 471 1786 per
492 1699 698 1786 indigentiam
720 1701 809 1766 salua
830 1699 946 1778 fueras,
970 1719 1065 1783 quam
1079 1719 1135 1783 per
1150 1719 1223 1784 opes
1246 1701 1316 1766 tuas

183 1807 217 1870 et
237 1806 269 1870 te
291 1805 322 1869 et
344 1804 423 1870 alios
445 1821 696 1889 praegrauassae,
719 1807 752 1868 te
773 1802 904 1882 soilioet,
926 1803 1003 1869 dum
1020 1804 1103 1869 male
1126 1802 1196 1869 aliis
1220 1805 1316 1869 relin-

182 1907 264 1991 quis,
288 1907 375 1992 alios,
400 1908 475 1974 dum
499 1927 517 1973 a
539 1909 572 1973 te
594 1907 705 1972 reliota
728 1911 759 1972 et
782 1906 842 1989 ipsi
865 1925 924 1973 usu
946 1906 1209 1973 inhumanissimo
1231 1909 1316 1973 male

181 2010 343 2094 possident
374 2013 408 2077 et
440 2012 511 2095 post
539 2031 572 2076 se
594 2012 679 2077 mala
700 2010 784 2076 ‘allis
819 2011 1051 2094 derelinquunt.
1089 2011 1117 2077 si
1151 2011 1199 2077 uis
1231 2015 1369 2095 ergo‚35

145 2133 396 2198 requaeoumque
417 2115 474 2180 illa
495 2131 539 2195 es,
562 2113 588 2180 si
610 2114 660 2179 nis
682 2116 739 2180 tibi
759 2133 824 2180 esse
843 2114 1031 2194 oonsultum,
1048 2117 1076 2181 si
1091 2115 1140 2181 uis
1156 2115 1316 2181 aeternam

182 2218 295 2283 habere
318 2220 419 2284 uitam
443 2221 475 2284 et
495 2220 583 2302 oupis
605 2217 711 2283 uidere
734 2217 801 2284 dias
819 2217 923 2293 bonos
945 2219 1087 2301 relinque
1104 2219 1314 2284 substantiam

180 2326 270 2386 tuam
303 2322 516 2406 indigentibus
554 2319 672 2387 sanetis
709 2321 852 2404 relinque
884 2321 1005 2387 alaudis
1042 2321 1184 2406 relinque
1218 2325 1316 2389 caeeis

179 2425 323 2510 relinque
345 2427 583 2509 languentibus:
607 2427 672 2492 sint
688 2425 856 2491 facultates
872 2428 946 2491 tuae
961 2417 1113 2492 alimenta
1127 2426 1314 2491 miserorum

176 2527 226 2594 sit
248 2531 404 2612 opulentia
426 2533 481 2595 tua
503 2547 676 2614 pauperum
699 2530 777 2607 uita,
801 2533 837 2594 ut
851 2529 980 2595 illorum
995 2530 1159 2614 refrigeria
1174 2532 1316 2613 praemia

146 2636 238 2700 notua
267 2632 330 2698 sint
359 2633 555 2700 utiliorum
584 2631 711 2698 refectio
741 2635 773 2699 te
803 2631 933 2698 reficiat.
970 2634 998 2698 si
1021 2633 1104 2698 enim
1127 2632 1177 2698 illi
1199 2636 1237 2699 de
1260 2638 1316 2700 tuo

182 2735 286 2814 edent,
315 2738 351 2803 tu
379 2737 585 2802 saturaberis:
600 2773 603 2782 ν
620 2738 647 2802 si
677 2735 725 2801 illi
755 2738 792 2802 de
820 2737 876 2803 tuo
898 2735 1044 2816 biberint,
1079 2738 1116 2802 tu
1143 2739 1212 2804 sitis
1240 2738 1316 2803 tuae

182 2840 307 2906 aestum
329 2842 531 2922 ardoremque
554 2840 745 2925 restingues:
768 2840 802 2904 te
822 2839 953 2904 illorum
975 2840 1112 2904 uestitus
1135 2839 1260 2918 uestiet
1283 2841 1316 2906 ta

183 2942 311 3009 illorum
334 2943 484 3027 aprioitas
499 2943 681 3010 delectabit.
711 2962 772 3010 uon
788 2961 861 3027 ergo
878 2942 941 3010 uile
956 2963 992 3010 ao
1007 2943 1198 3025 despicabile
1213 2948 1314 3027 putes,
1322 2946 1367 3014 36

182 3045 211 3110 si
248 3046 458 3114 substantiam
495 3049 584 3115 tuam
616 3047 739 3114 miseris
776 3053 870 3130 alque
902 3048 1066 3130 egentibus
1100 3047 1315 3130 derelinquas:

147 3147 341 3219 asOhristum
369 3151 496 3216 inillis
524 3151 618 3218 sanies
648 3151 805 3217 heredem.
843 3155 876 3216 et
904 3150 981 3233 quid
1010 3149 1113 3216 dioam
1137 3151 1175 3216 de
1197 3149 1315 3218 Christi

183 3253 334 3319 nomine?
366 3252 527 3320 Christum
555 3255 682 3339 quidem
710 3255 856 3322 heredem
878 3254 965 3338 fanis,
994 3254 1050 3318 sad
1072 3258 1108 3318 tu
1131 3255 1315 3322 hereditatis

183 3357 397 3424 emolumenta
430 3358 593 3444 pereipies.
632 3377 845 3443 quaeoumquo
879 3361 963 3426 enim
996 3356 1120 3424 Christo
1148 3357 1315 3441 ,reliqueris

183 3479 240 3542 per
261 3461 423 3528 Christum
446 3463 553 3529 omnia
573 3463 757 3547 possidebis.
794 3465 850 3531 sed
872 3465 949 3530 haee
971 3468 1017 3548 tu,
1040 3467 1077 3532 ut
1098 3481 1175 3546 reor,
1198 3463 1316 3550 inopia
1325 3463 1366 3528 37

236 3719 249 3772 1
275 3718 432 3786 pauimenta
450 3735 484 3773 ea
503 3723 576 3774 tum
595 3735 664 3775 corr.
684 3736 718 3775 m.
737 3724 755 3775 2
772 3721 800 3774 A
903 3721 919 3774 2
943 3737 1033 3774 mensa
1056 3722 1084 3776 B
1187 3721 1205 3775 4
1228 3721 1315 3775 furni-

181 3805 318 3858 oantnrA
404 3804 740 3875 6dilioiarumoupiamA
835 3807 868 3862 10
879 3807 1129 3861 diuiti.aeraamA
1218 3807 1251 3862 13
1262 3807 1315 3875 ipsi

181 3905 232 3944 usu
257 3907 318 3946 eam
341 3891 459 3946 Boionio
476 3891 607 3948 Halmius
632 3893 719 3961 ipsius
740 3909 791 3947 usu
814 3893 867 3948 AB
969 3893 1175 3950 inumanissimo
1200 3895 1260 3960 (elo)
1284 3909 1315 3947 ex

182 3978 323 4034 inmaniss.
350 3993 418 4033 oorr.
444 3982 518 4033 aaa
543 3981 571 4033 A
676 3980 710 4035 16
737 3979 858 4050 relinque
885 3979 1078 4049 languentibus
1102 3986 1166 4049 post
1192 3979 1315 4048 relinque

183 4064 267 4118 eaesis
284 4064 365 4120 laedat
382 4065 464 4132 B(b);
480 4065 513 4119 aba
529 4065 557 4118 A
579 4065 675 4120 eadent
688 4071 753 4134 poet
768 4065 870 4119 anan
893 4065 1005 4134 quadem
1021 4071 1122 4120 enimet
1143 4063 1192 4120 aed
1210 4063 1315 4119 additia

183 4150 407 4218 ammoneatis
418 4150 505 4220 alpais
517 4150 601 4220 (quod
612 4151 743 4206 Hebudes
753 4167 811 4206 eoa
823 4151 901 4218 ada.)
907 4171 917 4218 ,·
928 4167 1019 4220 quere·
1027 4152 1246 4220 transpontinae

177 4235 218 4288 ⁴20
243 4235 276 4290 de
302 4239 350 4290 tuo
375 4236 420 4292 illi
446 4242 512 4292 avete
537 4236 617 4292 edent
643 4236 691 4292 aad
718 4237 821 4292 additis
851 4236 1078 4306 trootspost'to'oaia
1103 4237 1190 4308 mpure
1216 4237 1244 4291 B

151 4317 153 4322 ’
178 4320 216 4374 -21
244 4320 405 4377 satoraberis
431 4323 459 4375 A
562 4321 597 4378 23
623 4322 779 4392 dispieabile
806 4325 834 4377 A
937 4325 1016 4391 putas
1044 4322 1089 4376 Β1
1174 4321 1209 4378 26
1232 4322 1313 4377 faoies

186 4407 224 4461 ed.
242 4407 380 4463 Balanitae
483 4409 518 4464 28
535 4408 636 4464 irinula
653 4411 681 4463 A
706 4409 805 4464 friuola
822 4425 857 4465 ea
874 4409 976 4464 iniuula
994 4425 1063 4467 sorr.
1080 4426 1114 4464 m.
1134 4413 1151 4464 2
1169 4409 1197 4463 B
