3178 5100
293 502 360 568 260
784 497 943 552 Saluiani

294 710 400 758 rerum
429 690 618 756 breuitatem
649 689 681 753 et
703 687 881 754 futurarum
911 687 1143 767 aeternitatem,
1175 707 1270 770 quam
1293 707 1427 771 paruum

294 795 380 862 istud
403 813 496 877 quam
518 794 636 878 grande
657 791 753 869 illud;
783 793 955 874 eogitantes
979 809 1099 874 quoque
1123 790 1266 857 futurum
1288 792 1426 859 iudicem

294 902 325 964 et
348 898 500 964 tremendi
529 895 638 961 iudleii
668 913 779 980 graues
810 895 921 975 exitus,
954 897 1114 962 ardentem
1137 897 1170 960 in
1193 896 1294 962 medio
1324 915 1426 980 popu-

294 1003 396 1067 lorum
426 999 699 1066 oiroumstantinm
729 999 846 1066 uallem
876 1000 1056 1080 perennium
1088 999 1299 1082 lacrimarum,
1331 1019 1427 1084 quam

294 1123 356 1170 non
385 1106 487 1170 solum
518 1103 642 1170 introiri
673 1106 765 1186 atque
796 1102 924 1171 tolerari
953 1102 1182 1168 inaestimabile
1205 1121 1241 1168 ao
1264 1122 1426 1169 summum
1451 1126 1469 1168 ⁵

293 1207 429 1286 malum,
465 1207 520 1272 sed
553 1206 650 1272 etiam
683 1207 782 1272 uideri
811 1224 846 1272 aa
879 1207 984 1273 timeri
999 1225 1081 1294 pars
1112 1208 1188 1273 mali
1218 1207 1334 1272 summi
1365 1206 1424 1285 sit3

238 1309 284 1375 48
294 1313 466 1394 cogitantes
497 1328 626 1394 quoque,
658 1309 740 1375 inter
761 1309 839 1376 haee
860 1309 1014 1375 horrenda
1035 1313 1067 1375 et
1089 1310 1310 1394 poenalissima
1331 1329 1425 1394 prae-

293 1414 377 1479 olara
397 1414 455 1479 illa
475 1431 511 1478 ae
534 1412 725 1496 beatissima,
749 1430 845 1478 nouos
861 1413 984 1478 seilicet
1000 1412 1102 1478 eaelos
1117 1415 1149 1478 et
1165 1417 1282 1480 terram
1299 1433 1424 1496 nouam,

294 1519 420 1582 uultum
442 1535 547 1583 rerum
570 1517 710 1581 omniurn
732 1516 952 1599 pulchriorem,
982 1520 1144 1582 aeteruum
1167 1517 1311 1584 iustitiae
1333 1517 1424 1584 habi-

292 1621 442 1698 taculum,
471 1639 577 1686 reeens
608 1619 784 1687 aedificium
815 1625 1037 1698 creaturarum,
1068 1639 1177 1687 aureas
1208 1639 1300 1704 super
1329 1622 1424 1687 rudes
1437 1649 1469 1688 ιο

294 1727 394 1792 aeolos
418 1727 598 1788 sanatorum
622 1724 762 1789 omnium
785 1724 904 1798 domus,
928 1723 1018 1788 aulas
1033 1724 1168 1808 gemmis
1190 1723 1424 1790 intermicanti-

292 1826 352 1893 bus
383 1827 532 1910 expolitas
564 1829 595 1892 at
625 1827 842 1893 inmortalium
871 1829 1076 1894 metallorum
1109 1829 1231 1912 fulgore
1260 1829 1423 1912 pretiosas,

292 1934 395 1998 laeam
429 1932 495 1998 illio
528 1931 673 2014 septuplo
707 1931 919 1997 inlustriorem
953 1933 1083 2016 puniceo
1113 1949 1234 2018 semper
1261 1932 1426 2014 splendore

292 2035 482 2115 radiantem,
515 2035 741 2102 beatitudinem
771 2035 984 2102 ineffabilibus
1014 2036 1100 2103 bonis
1132 2036 1275 2116 diuitem,
1307 2036 1427 2100 laetam

293 2159 364 2206 eum
401 2139 510 2205 ineolis
547 2138 612 2204 suis
648 2139 896 2222 perennitatem,
935 2139 1184 2221 patriarcharum
1221 2139 1425 2218 consortium,
1438 2169 1469 2210 15

292 2241 514 2326 prophetarum
531 2243 726 2322 societatem,
743 2243 957 2325 apostolerum
974 2244 1225 2326 germanitatem,
1250 2246 1427 2326 martyrum

293 2347 480 2429 dignitatern
511 2350 542 2411 et
573 2345 606 2410 in
636 2345 780 2412 omnibus
811 2347 928 2412 sanetis
959 2349 1142 2430 angelorum
1172 2346 1424 2424 similitudinem,

293 2471 387 2538 opum
410 2449 594 2514 oaelestium
618 2450 748 2534 copiam,
777 2448 961 2516 deliciarum
990 2449 1206 2516 inmortaliunn
1229 2449 1425 2528 afluentiam,

238 2553 282 2621 49
294 2573 490 2620 communem
508 2572 580 2618 eum
603 2556 659 2618 deo
683 2551 793 2618 uitam.
832 2553 909 2618 haee
931 2554 1037 2636 itaque
1054 2555 1229 2638 cogitantes
1252 2555 1330 2620 haee
1353 2572 1427 2619 eon-

292 2658 482 2740 templantes
505 2657 545 2721 ad
568 2657 690 2722 uultum
712 2655 871 2740 religionis
891 2675 996 2722 saorae
1011 2657 1210 2740 officiumque
1227 2656 1469 2740 confugimus„

292 2779 424 2843 eumque
446 2759 532 2825 nobis
556 2759 595 2825 ad
619 2758 785 2824 obtinenda
807 2759 883 2826 haee
907 2761 988 2826 bona
1013 2759 1249 2844 suffragatorem
1277 2763 1427 2842 quodam-

293 2865 384 2929 modo
414 2862 446 2927 et
475 2862 662 2927 aduocatum
685 2861 918 2928 efficacissimae
939 2862 1167 2930 intercessionis
1191 2863 1425 2946 adsumpsimus

293 2972 387 3050 atque
419 2968 453 3032 in
489 2966 555 3031 eius
589 2984 643 3031 nos
680 2967 907 3048 protectionem
943 2986 980 3034 aa
1012 2968 1219 3049 patrocinium
1256 2967 1428 3034 ambitiosa

292 3070 473 3139 humilitate
497 3069 695 3135 contulimus.

239 3193 283 3262 50
335 3193 391 3258 XI.
426 3192 516 3257 Vnde
549 3209 621 3258 eum
658 3192 737 3258 haee
774 3193 864 3258 tanta
897 3194 929 3258 et
963 3193 1205 3277 cogitauerimus
1240 3190 1358 3274 pariter
1391 3193 1464 3261 etna

292 3295 489 3378 petierimus,
521 3294 684 3363 uideamus
715 3314 797 3360 nuno
820 3299 852 3362 et
872 3298 1084 3378 expendamus
1106 3294 1365 3377 diligentissime,
1394 3295 1426 3358 si

293 3401 341 3464 est
362 3400 414 3465 uel
436 3401 470 3466 in
492 3401 615 3466 notibus
638 3401 752 3466 nostris
775 3401 826 3466 uel
847 3402 881 3466 in
903 3399 1103 3484 substantiis,
1131 3400 1214 3466 unde
1237 3400 1314 3466 haee
1335 3403 1427 3467 tanta

291 3502 390 3570 adeo
414 3522 515 3568 emere
538 3504 701 3586 possimus.
740 3506 821 3586 quod
843 3505 870 3570 si
892 3524 954 3570 non
979 3507 1037 3583 est,
1061 3522 1127 3583 eur,
1150 3524 1233 3586 rogo,
1256 3522 1319 3570 non
1340 3524 1426 3570 unus

292 3605 422 3690 quisque
453 3610 595 3676 nostrum
624 3610 727 3672 totum
756 3626 812 3691 pro
835 3627 868 3673 se
891 3607 1001 3674 offmat
1023 3609 1106 3690 quod
1128 3607 1233 3688 habet,
1264 3608 1426 3691 quianon

291 3710 394 3792 potest
423 3709 526 3775 toturn
556 3711 665 3778 offerre
696 3715 777 3794 quod
799 3712 914 3780 debet?
948 3711 1082 3778 maxime
1104 3731 1175 3777 ourn
1198 3712 1336 3777 saluatur
1358 3713 1464 3794 ipsese

343 3917 359 3970 1
382 3931 476 3984 param
500 3916 564 3971 add.
582 3920 654 3972 Μ
680 3933 725 3971 nm
743 3918 771 3971 A
796 3933 892 3986 parum
909 3916 937 3971 B
1031 3917 1048 3972 5
1065 3917 1426 3974 introire—tolerare-ui-

291 4002 492 4057 dere—timere
508 4008 571 4057 m.1
588 4004 604 4058 b
699 4005 715 4058 7
733 4020 806 4072 poen.
826 4005 881 4058 alia
892 4003 957 4058 haee
968 4005 1104 4073 praeclara
1115 4009 1146 4059 aa
1164 4005 1205 4059 ed.
1218 4003 1354 4058 Batonius

292 4089 326 4142 10
343 4088 432 4160 rudes]
449 4090 515 4157 fort.
532 4089 692 4158 profantem
710 4095 739 4144 at
753 4091 790 4158 ef.
805 4090 871 4145 Iud.
885 4091 937 4144 III
1024 4091 1057 4144 13
1074 4090 1251 4144 illustriorem
1264 4106 1298 4144 ea
1310 4090 1424 4145 inlustr.

292 4191 362 4230 eurr.
374 4191 408 4228 oa.
420 4178 440 4229 2
452 4176 479 4229 B
556 4175 588 4229 18
599 4175 756 4230 afluentiam
768 4176 823 4230 ΑΒ
835 4179 871 4242 (et
882 4177 922 4232 sie
932 4175 993 4242 fere
1004 4176 1103 4246 adripias
1115 4175 1167 4242 cfr.
1179 4177 1239 4231 ΙΙΙ
1248 4180 1289 4232 45.
1304 4178 1352 4245 50)

291 4260 326 4316 20
343 4261 480 4330 religionis
498 4263 526 4316 A
544 4263 613 4332 (oon
629 4267 661 4316 ut
678 4262 756 4332 opud
773 4263 918 4318 Halmium
936 4263 1088 4318 emeretur
1105 4263 1233 4333 regionis)
1325 4263 1360 4318 26
1378 4281 1424 4318 ex-

292 4345 437 4416 pendamus
455 4363 476 4401 a
495 4364 576 4417 expen
594 4364 645 4404 aar.
658 4350 725 4404 oa2
743 4351 803 4402 ateu
822 4349 850 4403 Β
941 4349 1165 4419 diligentissimae
1183 4351 1211 4406 A
1305 4350 1339 4406 27
1357 4351 1425 4406 haee

291 4433 371 4485 tanta
388 4433 424 4498 A,
447 4447 477 4486 ao
494 4435 524 4500 (a.
536 4449 587 4489 aar.
605 4435 673 4490 talia
690 4451 725 4492 oa.
737 4438 767 4501 2)
786 4436 863 4490 tanta
881 4436 908 4489 B
931 4436 999 4489 talia
1016 4452 1047 4490 ae
1065 4438 1144 4492 tanta
1162 4436 1201 4492 ed.
1218 4436 1354 4492 Butoaiua
