<?xml version="1.0" encoding="UTF-8"?>
<!DOCTYPE html PUBLIC "-//W3C//DTD XHTML 1.0 Transitional//EN"
    "http://www.w3.org/TR/xhtml1/DTD/xhtml1-transitional.dtd">
<html xmlns="http://www.w3.org/1999/xhtml" xml:lang="en" lang="en">
 <head>
  <title>
</title>
<meta http-equiv="Content-Type" content="text/html;charset=utf-8" />
  <meta name='ocr-system' content='tesseract 3.04.00' />
  <meta name='ocr-capabilities' content='ocr_page ocr_carea ocr_par ocr_line ocrx_word'/>
</head>
<body>
  <div class='ocr_page' id='page_1' title='image "./corpusscriptoru07wissgoog_0264.png"; bbox 0 0 3178 5100; ppageno 0'>
   <div class='ocr_carea' id='block_1_1' title="bbox 500 519 1279 589">
    <p class='ocr_par' dir='ltr' id='par_1_1' title="bbox 500 519 1279 589">
     <span class='ocr_line' id='line_1_1' title="bbox 500 519 1279 589; baseline 0.023 -17"><span class='ocrx_word' id='word_1_1' title='bbox 500 519 539 573; x_wconf 84' lang='lat' dir='ltr'><strong>ad</strong></span> <span class='ocrx_word' id='word_1_2' title='bbox 557 519 734 574; x_wconf 82' lang='lat' dir='ltr'><strong>ecelesiam</strong></span> <span class='ocrx_word' id='word_1_3' title='bbox 757 519 772 575; x_wconf 96' lang='lat' dir='ltr'>I</span> <span class='ocrx_word' id='word_1_4' title='bbox 790 525 806 585; x_wconf 65' lang='grc'><strong><em>5</em></strong></span> <span class='ocrx_word' id='word_1_5' title='bbox 823 521 934 576; x_wconf 81' lang='grc'><strong>49-55.</strong></span> <span class='ocrx_word' id='word_1_6' title='bbox 1218 525 1279 589; x_wconf 81' lang='grc'>241</span> 
     </span>
    </p>
   </div>
   <div class='ocr_carea' id='block_1_2' title="bbox 103 709 1339 2562">
    <p class='ocr_par' dir='ltr' id='par_1_2' title="bbox 103 709 1339 2562">
     <span class='ocr_line' id='line_1_2' title="bbox 154 709 1284 791; baseline 0.007 -19"><span class='ocrx_word' id='word_1_7' title='bbox 154 713 287 791; x_wconf 87' lang='lat' dir='ltr'><strong>plaoent.</strong></span> <span class='ocrx_word' id='word_1_8' title='bbox 325 727 382 774; x_wconf 90' lang='lat' dir='ltr'><strong>neo</strong></span> <span class='ocrx_word' id='word_1_9' title='bbox 411 711 494 776; x_wconf 88' lang='lat' dir='ltr'><strong>enim</strong></span> <span class='ocrx_word' id='word_1_10' title='bbox 523 709 646 775; x_wconf 91' lang='lat' dir='ltr'><strong>animus</strong></span> <span class='ocrx_word' id='word_1_11' title='bbox 670 709 775 776; x_wconf 87' lang='lat' dir='ltr'><strong>dantis</strong></span> <span class='ocrx_word' id='word_1_12' title='bbox 804 711 886 776; x_wconf 88' lang='lat' dir='ltr'><strong>datis</strong></span> <span class='ocrx_word' id='word_1_13' title='bbox 915 711 970 776; x_wconf 89' lang='lat' dir='ltr'><strong>sed</strong></span> <span class='ocrx_word' id='word_1_14' title='bbox 998 713 1102 778; x_wconf 87' lang='lat' dir='ltr'><strong>animo</strong></span> <span class='ocrx_word' id='word_1_15' title='bbox 1126 728 1284 780; x_wconf 83' lang='lat' dir='ltr'><strong>sommen-</strong></span> 
     </span>
     <span class='ocr_line' id='line_1_3' title="bbox 155 813 1284 898; baseline 0.004 -18"><span class='ocrx_word' id='word_1_16' title='bbox 155 815 268 880; x_wconf 91' lang='lat' dir='ltr'><strong>dantur</strong></span> <span class='ocrx_word' id='word_1_17' title='bbox 290 813 374 890; x_wconf 87' lang='lat' dir='ltr'><strong>data,</strong></span> <span class='ocrx_word' id='word_1_18' title='bbox 402 831 459 880; x_wconf 89' lang='lat' dir='ltr'><strong>nee</strong></span> <span class='ocrx_word' id='word_1_19' title='bbox 486 816 619 897; x_wconf 87' lang='lat' dir='ltr'><strong>peouuia</strong></span> <span class='ocrx_word' id='word_1_20' title='bbox 641 813 733 880; x_wconf 86' lang='lat' dir='ltr'><strong>fidem</strong></span> <span class='ocrx_word' id='word_1_21' title='bbox 756 813 898 880; x_wconf 80' lang='lat' dir='ltr'><strong>insinuat</strong></span> <span class='ocrx_word' id='word_1_22' title='bbox 925 817 980 882; x_wconf 85' lang='lat' dir='ltr'><strong>sod</strong></span> <span class='ocrx_word' id='word_1_23' title='bbox 1008 817 1173 898; x_wconf 85' lang='lat' dir='ltr'><strong>peouniam</strong></span> <span class='ocrx_word' id='word_1_24' title='bbox 1195 818 1284 886; x_wconf 90' lang='lat' dir='ltr'><strong>fides.</strong></span> 
     </span>
     <span class='ocr_line' id='line_1_4' title="bbox 155 916 1285 1001; baseline 0.007 -21"><span class='ocrx_word' id='word_1_25' title='bbox 155 933 191 980; x_wconf 89' lang='lat' dir='ltr'><strong>ae</strong></span> <span class='ocrx_word' id='word_1_26' title='bbox 211 934 267 1000; x_wconf 88' lang='lat' dir='ltr'><strong>per</strong></span> <span class='ocrx_word' id='word_1_27' title='bbox 294 916 355 982; x_wconf 86' lang='lat' dir='ltr'><strong>hoo</strong></span> <span class='ocrx_word' id='word_1_28' title='bbox 383 918 436 1000; x_wconf 90' lang='lat' dir='ltr'><strong>qui</strong></span> <span class='ocrx_word' id='word_1_29' title='bbox 466 919 610 1000; x_wconf 77' lang='lat' dir='ltr'>prodesse</span> <span class='ocrx_word' id='word_1_30' title='bbox 640 917 700 984; x_wconf 88' lang='lat' dir='ltr'><strong>sibi</strong></span> <span class='ocrx_word' id='word_1_31' title='bbox 725 919 797 983; x_wconf 88' lang='lat' dir='ltr'><strong>uult</strong></span> <span class='ocrx_word' id='word_1_32' title='bbox 819 937 899 1001; x_wconf 89' lang='lat' dir='ltr'><strong>quae</strong></span> <span class='ocrx_word' id='word_1_33' title='bbox 922 920 978 984; x_wconf 94' lang='lat' dir='ltr'><strong>deo</strong></span> <span class='ocrx_word' id='word_1_34' title='bbox 1002 919 1092 985; x_wconf 83' lang='lat' dir='ltr'><strong>offert</strong></span> <span class='ocrx_word' id='word_1_35' title='bbox 1114 921 1172 986; x_wconf 89' lang='lat' dir='ltr'><strong>hoe</strong></span> <span class='ocrx_word' id='word_1_36' title='bbox 1193 923 1285 988; x_wconf 91' lang='lat' dir='ltr'><strong>modo</strong></span> 
     </span>
     <span class='ocr_line' id='line_1_5' title="bbox 156 1019 1285 1110; baseline 0.005 -24"><span class='ocrx_word' id='word_1_37' title='bbox 156 1019 273 1086; x_wconf 80' lang='lat' dir='ltr'><strong>offerat</strong></span> <span class='ocrx_word' id='word_1_38' title='bbox 309 1040 410 1104; x_wconf 86' lang='lat' dir='ltr'><strong>neque</strong></span> <span class='ocrx_word' id='word_1_39' title='bbox 432 1021 515 1086; x_wconf 89' lang='lat' dir='ltr'><strong>enim</strong></span> <span class='ocrx_word' id='word_1_40' title='bbox 539 1021 630 1086; x_wconf 90' lang='lat' dir='ltr'><strong>homo</strong></span> <span class='ocrx_word' id='word_1_41' title='bbox 653 1023 709 1088; x_wconf 94' lang='lat' dir='ltr'><strong>deo</strong></span> <span class='ocrx_word' id='word_1_42' title='bbox 732 1025 871 1106; x_wconf 80' lang='lat' dir='ltr'><strong>praestat</strong></span> <span class='ocrx_word' id='word_1_43' title='bbox 891 1022 1078 1090; x_wconf 80' lang='lat' dir='ltr'><strong>benefioinm</strong></span> <span class='ocrx_word' id='word_1_44' title='bbox 1093 1025 1126 1090; x_wconf 94' lang='lat' dir='ltr'><strong>in</strong></span> <span class='ocrx_word' id='word_1_45' title='bbox 1142 1025 1190 1090; x_wconf 90' lang='lat' dir='ltr'><strong>his</strong></span> <span class='ocrx_word' id='word_1_46' title='bbox 1206 1045 1285 1110; x_wconf 88' lang='lat' dir='ltr'><strong>quae</strong></span> 
     </span>
     <span class='ocr_line' id='line_1_6' title="bbox 103 1123 1285 1212; baseline 0.007 -24"><span class='ocrx_word' id='word_1_47' title='bbox 103 1201 105 1205; x_wconf 23' lang='grc' dir='ltr'>Ι</span> <span class='ocrx_word' id='word_1_48' title='bbox 135 1123 284 1204; x_wconf 66' lang='lat' dir='ltr'><strong>adederit</strong></span> <span class='ocrx_word' id='word_1_49' title='bbox 317 1128 371 1191; x_wconf 89' lang='lat' dir='ltr'><strong>sed</strong></span> <span class='ocrx_word' id='word_1_50' title='bbox 403 1125 479 1192; x_wconf 20' lang='lat' dir='ltr'><strong>*deus</strong></span> <span class='ocrx_word' id='word_1_51' title='bbox 501 1126 536 1190; x_wconf 92' lang='lat' dir='ltr'><strong>in</strong></span> <span class='ocrx_word' id='word_1_52' title='bbox 557 1125 606 1191; x_wconf 90' lang='lat' dir='ltr'><strong>his</strong></span> <span class='ocrx_word' id='word_1_53' title='bbox 635 1127 756 1191; x_wconf 89' lang='lat' dir='ltr'><strong>homini</strong></span> <span class='ocrx_word' id='word_1_54' title='bbox 785 1145 862 1209; x_wconf 86' lang='lat' dir='ltr'><strong>quae</strong></span> <span class='ocrx_word' id='word_1_55' title='bbox 892 1127 1053 1209; x_wconf 80' lang='lat' dir='ltr'><strong>adceperit,</strong></span> <span class='ocrx_word' id='word_1_56' title='bbox 1088 1131 1285 1212; x_wconf 81' lang='lat' dir='ltr'><strong>quinetiam</strong></span> 
     </span>
     <span class='ocr_line' id='line_1_7' title="bbox 156 1229 1285 1317; baseline 0.005 -24"><span class='ocrx_word' id='word_1_57' title='bbox 156 1229 236 1312; x_wconf 90' lang='lat' dir='ltr'><strong>qnod</strong></span> <span class='ocrx_word' id='word_1_58' title='bbox 264 1229 357 1295; x_wconf 86' lang='lat' dir='ltr'><strong>homo</strong></span> <span class='ocrx_word' id='word_1_59' title='bbox 387 1230 482 1296; x_wconf 88' lang='lat' dir='ltr'><strong>habet</strong></span> <span class='ocrx_word' id='word_1_60' title='bbox 512 1231 562 1296; x_wconf 95' lang='lat' dir='ltr'><strong>dei</strong></span> <span class='ocrx_word' id='word_1_61' title='bbox 584 1249 619 1296; x_wconf 87' lang='lat' dir='ltr'><strong>ao</strong></span> <span class='ocrx_word' id='word_1_62' title='bbox 646 1231 764 1296; x_wconf 91' lang='lat' dir='ltr'><strong>domiui</strong></span> <span class='ocrx_word' id='word_1_63' title='bbox 787 1232 835 1296; x_wconf 87' lang='lat' dir='ltr'><strong>sni</strong></span> <span class='ocrx_word' id='word_1_64' title='bbox 858 1249 973 1296; x_wconf 85' lang='lat' dir='ltr'><strong>munus</strong></span> <span class='ocrx_word' id='word_1_65' title='bbox 995 1236 1053 1298; x_wconf 92' lang='lat' dir='ltr'><strong>est.</strong></span> <span class='ocrx_word' id='word_1_66' title='bbox 1092 1252 1128 1298; x_wconf 88' lang='lat' dir='ltr'><strong>ao</strong></span> <span class='ocrx_word' id='word_1_67' title='bbox 1149 1253 1204 1317; x_wconf 89' lang='lat' dir='ltr'><strong>per</strong></span> <span class='ocrx_word' id='word_1_68' title='bbox 1226 1235 1285 1300; x_wconf 91' lang='lat' dir='ltr'><strong>hoo</strong></span> 
     </span>
     <span class='ocr_line' id='line_1_8' title="bbox 155 1331 1284 1418; baseline 0.005 -21"><span class='ocrx_word' id='word_1_69' title='bbox 155 1333 187 1398; x_wconf 91' lang='lat' dir='ltr'><strong>in</strong></span> <span class='ocrx_word' id='word_1_70' title='bbox 216 1333 276 1414; x_wconf 82' lang='lat' dir='ltr'><strong>hie,</strong></span> <span class='ocrx_word' id='word_1_71' title='bbox 306 1352 386 1418; x_wconf 90' lang='lat' dir='ltr'><strong>qnae</strong></span> <span class='ocrx_word' id='word_1_72' title='bbox 414 1334 588 1400; x_wconf 85' lang='lat' dir='ltr'><strong>offeruntur</strong></span> <span class='ocrx_word' id='word_1_73' title='bbox 616 1331 822 1413; x_wconf 80' lang='lat' dir='ltr'><strong>abdomine,</strong></span> <span class='ocrx_word' id='word_1_74' title='bbox 852 1335 946 1401; x_wconf 92' lang='lat' dir='ltr'><strong>homo</strong></span> <span class='ocrx_word' id='word_1_75' title='bbox 973 1354 1033 1400; x_wconf 93' lang='lat' dir='ltr'><strong>non</strong></span> <span class='ocrx_word' id='word_1_76' title='bbox 1056 1355 1149 1402; x_wconf 90' lang='lat' dir='ltr'><strong>suum</strong></span> <span class='ocrx_word' id='word_1_77' title='bbox 1171 1338 1284 1418; x_wconf 78' lang='lat' dir='ltr'>reddit,</span> 
     </span>
     <span class='ocr_line' id='line_1_9' title="bbox 155 1435 1339 1524; baseline 0 -22"><span class='ocrx_word' id='word_1_78' title='bbox 155 1436 297 1504; x_wconf 86' lang='lat' dir='ltr'><strong>domiuus</strong></span> <span class='ocrx_word' id='word_1_79' title='bbox 319 1456 410 1504; x_wconf 88' lang='lat' dir='ltr'><strong>suum</strong></span> <span class='ocrx_word' id='word_1_80' title='bbox 433 1439 555 1522; x_wconf 78' lang='lat' dir='ltr'><strong>recipit.</strong></span> <span class='ocrx_word' id='word_1_81' title='bbox 592 1439 698 1522; x_wconf 86' lang='lat' dir='ltr'><strong>itaque</strong></span> <span class='ocrx_word' id='word_1_82' title='bbox 721 1457 792 1504; x_wconf 89' lang='lat' dir='ltr'><strong>oum</strong></span> <span class='ocrx_word' id='word_1_83' title='bbox 814 1438 907 1504; x_wconf 83' lang='lat' dir='ltr'><strong>offert</strong></span> <span class='ocrx_word' id='word_1_84' title='bbox 929 1440 986 1505; x_wconf 93' lang='lat' dir='ltr'><strong>deo</strong></span> <span class='ocrx_word' id='word_1_85' title='bbox 1003 1440 1159 1524; x_wconf 85' lang='lat' dir='ltr'><strong>quispiam</strong></span> <span class='ocrx_word' id='word_1_86' title='bbox 1181 1441 1284 1506; x_wconf 83' lang='lat' dir='ltr'><strong>faeul·</strong></span> <span class='ocrx_word' id='word_1_87' title='bbox 1294 1435 1339 1504; x_wconf 83' lang='lat'><strong>54</strong></span> 
     </span>
     <span class='ocr_line' id='line_1_10' title="bbox 154 1541 1285 1628; baseline 0.005 -23"><span class='ocrx_word' id='word_1_88' title='bbox 154 1541 237 1606; x_wconf 88' lang='lat' dir='ltr'><strong>tates</strong></span> <span class='ocrx_word' id='word_1_89' title='bbox 258 1559 342 1620; x_wconf 84' lang='lat' dir='ltr'><strong>suas,</strong></span> <span class='ocrx_word' id='word_1_90' title='bbox 366 1559 429 1606; x_wconf 92' lang='lat' dir='ltr'><strong>non</strong></span> <span class='ocrx_word' id='word_1_91' title='bbox 451 1542 562 1608; x_wconf 83' lang='lat' dir='ltr'><strong>offerat</strong></span> <span class='ocrx_word' id='word_1_92' title='bbox 577 1542 667 1626; x_wconf 87' lang='lat' dir='ltr'><strong>quasi</strong></span> <span class='ocrx_word' id='word_1_93' title='bbox 689 1545 944 1626; x_wconf 82' lang='lat' dir='ltr'><strong>praesumptione</strong></span> <span class='ocrx_word' id='word_1_94' title='bbox 961 1545 1106 1610; x_wconf 88' lang='lat' dir='ltr'><strong>donantis</strong></span> <span class='ocrx_word' id='word_1_95' title='bbox 1122 1546 1177 1610; x_wconf 87' lang='lat' dir='ltr'><strong>sed</strong></span> <span class='ocrx_word' id='word_1_96' title='bbox 1194 1546 1285 1628; x_wconf 86' lang='lat' dir='ltr'><strong>quasi</strong></span> 
     </span>
     <span class='ocr_line' id='line_1_11' title="bbox 122 1645 1285 1730; baseline 0.006 -21"><span class='ocrx_word' id='word_1_97' title='bbox 122 1645 336 1711; x_wconf 79' lang='lat' dir='ltr'><strong>nuumilitete</strong></span> <span class='ocrx_word' id='word_1_98' title='bbox 364 1645 527 1726; x_wconf 88' lang='lat' dir='ltr'><strong>soluentis,</strong></span> <span class='ocrx_word' id='word_1_99' title='bbox 559 1665 615 1712; x_wconf 88' lang='lat' dir='ltr'><strong>nee</strong></span> <span class='ocrx_word' id='word_1_100' title='bbox 637 1646 799 1713; x_wconf 88' lang='lat' dir='ltr'><strong>absoluere</strong></span> <span class='ocrx_word' id='word_1_101' title='bbox 821 1666 853 1712; x_wconf 93' lang='lat' dir='ltr'><strong>se</strong></span> <span class='ocrx_word' id='word_1_102' title='bbox 875 1649 1002 1730; x_wconf 85' lang='lat' dir='ltr'><strong>peeeata</strong></span> <span class='ocrx_word' id='word_1_103' title='bbox 1024 1667 1080 1714; x_wconf 86' lang='lat' dir='ltr'><strong>sue</strong></span> <span class='ocrx_word' id='word_1_104' title='bbox 1103 1651 1210 1714; x_wconf 86' lang='lat' dir='ltr'><strong>eredat</strong></span> <span class='ocrx_word' id='word_1_105' title='bbox 1231 1652 1285 1716; x_wconf 88' lang='lat' dir='ltr'><strong>sed</strong></span> 
     </span>
     <span class='ocr_line' id='line_1_12' title="bbox 155 1749 1285 1835; baseline 0.002 -21"><span class='ocrx_word' id='word_1_106' title='bbox 155 1750 310 1828; x_wconf 82' lang='lat' dir='ltr'><strong>adleuare,</strong></span> <span class='ocrx_word' id='word_1_107' title='bbox 334 1767 390 1815; x_wconf 88' lang='lat' dir='ltr'><strong>nee</strong></span> <span class='ocrx_word' id='word_1_108' title='bbox 412 1749 522 1816; x_wconf 84' lang='lat' dir='ltr'><strong>offerat</strong></span> <span class='ocrx_word' id='word_1_109' title='bbox 541 1769 613 1816; x_wconf 88' lang='lat' dir='ltr'><strong>eum</strong></span> <span class='ocrx_word' id='word_1_110' title='bbox 628 1751 853 1834; x_wconf 78' lang='lat' dir='ltr'><strong>redemptionis</strong></span> <span class='ocrx_word' id='word_1_111' title='bbox 877 1750 992 1817; x_wconf 90' lang='lat' dir='ltr'><strong>fiduoia</strong></span> <span class='ocrx_word' id='word_1_112' title='bbox 1007 1752 1062 1818; x_wconf 90' lang='lat' dir='ltr'><strong>sed</strong></span> <span class='ocrx_word' id='word_1_113' title='bbox 1078 1771 1150 1817; x_wconf 90' lang='lat' dir='ltr'><strong>oum</strong></span> <span class='ocrx_word' id='word_1_114' title='bbox 1165 1752 1285 1835; x_wconf 89' lang='lat' dir='ltr'><strong>suppli-</strong></span> 
     </span>
     <span class='ocr_line' id='line_1_13' title="bbox 155 1853 1285 1940; baseline 0 -20"><span class='ocrx_word' id='word_1_115' title='bbox 155 1856 285 1920; x_wconf 88' lang='lat' dir='ltr'><strong>oationis</strong></span> <span class='ocrx_word' id='word_1_116' title='bbox 315 1853 429 1935; x_wconf 84' lang='lat' dir='ltr'><strong>offioio‚·</strong></span> <span class='ocrx_word' id='word_1_117' title='bbox 458 1873 514 1920; x_wconf 89' lang='lat' dir='ltr'><strong>neo</strong></span> <span class='ocrx_word' id='word_1_118' title='bbox 543 1857 633 1938; x_wconf 89' lang='lat' dir='ltr'><strong>quasi</strong></span> <span class='ocrx_word' id='word_1_119' title='bbox 662 1858 765 1920; x_wconf 88' lang='lat' dir='ltr'><strong>totum</strong></span> <span class='ocrx_word' id='word_1_120' title='bbox 795 1855 936 1922; x_wconf 90' lang='lat' dir='ltr'><strong>debitum</strong></span> <span class='ocrx_word' id='word_1_121' title='bbox 963 1856 1094 1921; x_wconf 90' lang='lat' dir='ltr'><strong>reddens</strong></span> <span class='ocrx_word' id='word_1_122' title='bbox 1118 1861 1171 1922; x_wconf 87' lang='lat' dir='ltr'><strong>sed</strong></span> <span class='ocrx_word' id='word_1_123' title='bbox 1195 1857 1285 1940; x_wconf 87' lang='lat' dir='ltr'><strong>quasi</strong></span> 
     </span>
     <span class='ocr_line' id='line_1_14' title="bbox 154 1957 1286 2042; baseline 0 -18"><span class='ocrx_word' id='word_1_124' title='bbox 154 1957 206 2024; x_wconf 89' lang='lat' dir='ltr'><strong>uel</strong></span> <span class='ocrx_word' id='word_1_125' title='bbox 235 1977 368 2042; x_wconf 90' lang='lat' dir='ltr'><strong>paruum</strong></span> <span class='ocrx_word' id='word_1_126' title='bbox 391 1958 429 2023; x_wconf 90' lang='lat' dir='ltr'><strong>de</strong></span> <span class='ocrx_word' id='word_1_127' title='bbox 451 1974 567 2042; x_wconf 83' lang='lat' dir='ltr'><strong>magno</strong></span> <span class='ocrx_word' id='word_1_128' title='bbox 598 1959 727 2024; x_wconf 86' lang='lat' dir='ltr'><strong>reddere</strong></span> <span class='ocrx_word' id='word_1_129' title='bbox 758 1959 896 2041; x_wconf 81' lang='lat' dir='ltr'><strong>cupiens,</strong></span> <span class='ocrx_word' id='word_1_130' title='bbox 931 1960 1004 2042; x_wconf 90' lang='lat' dir='ltr'><strong>quia</strong></span> <span class='ocrx_word' id='word_1_131' title='bbox 1033 1961 1159 2025; x_wconf 88' lang='lat' dir='ltr'><strong>etiamsi</strong></span> <span class='ocrx_word' id='word_1_132' title='bbox 1181 1961 1286 2024; x_wconf 87' lang='lat' dir='ltr'><strong>tradat</strong></span> 
     </span>
     <span class='ocr_line' id='line_1_15' title="bbox 154 2062 1286 2146; baseline 0 -19"><span class='ocrx_word' id='word_1_133' title='bbox 154 2063 236 2146; x_wconf 89' lang='lat' dir='ltr'><strong>quod</strong></span> <span class='ocrx_word' id='word_1_134' title='bbox 271 2062 366 2128; x_wconf 88' lang='lat' dir='ltr'><strong>habet</strong></span> <span class='ocrx_word' id='word_1_135' title='bbox 398 2079 455 2144; x_wconf 92' lang='lat' dir='ltr'><strong>pro</strong></span> <span class='ocrx_word' id='word_1_136' title='bbox 488 2063 579 2127; x_wconf 92' lang='lat' dir='ltr'><strong>modo</strong></span> <span class='ocrx_word' id='word_1_137' title='bbox 611 2081 726 2144; x_wconf 91' lang='lat' dir='ltr'><strong>rerum,</strong></span> <span class='ocrx_word' id='word_1_138' title='bbox 761 2080 823 2126; x_wconf 92' lang='lat' dir='ltr'><strong>non</strong></span> <span class='ocrx_word' id='word_1_139' title='bbox 856 2062 959 2128; x_wconf 89' lang='lat' dir='ltr'><strong>reddit</strong></span> <span class='ocrx_word' id='word_1_140' title='bbox 992 2062 1074 2145; x_wconf 90' lang='lat' dir='ltr'><strong>quod</strong></span> <span class='ocrx_word' id='word_1_141' title='bbox 1108 2066 1198 2130; x_wconf 86' lang='lat' dir='ltr'><strong>debet</strong></span> <span class='ocrx_word' id='word_1_142' title='bbox 1231 2081 1286 2146; x_wconf 91' lang='lat' dir='ltr'><strong>pro</strong></span> 
     </span>
     <span class='ocr_line' id='line_1_16' title="bbox 123 2165 1287 2250; baseline 0 -18"><span class='ocrx_word' id='word_1_143' title='bbox 123 2183 145 2222; x_wconf 71' lang='lat'><strong>1⁵</strong></span> <span class='ocrx_word' id='word_1_144' title='bbox 154 2167 371 2250; x_wconf 79' lang='lat' dir='ltr'><strong>magnitudine</strong></span> <span class='ocrx_word' id='word_1_145' title='bbox 390 2167 600 2248; x_wconf 81' lang='lat' dir='ltr'><strong>pennatorum.</strong></span> <span class='ocrx_word' id='word_1_146' title='bbox 635 2167 668 2231; x_wconf 94' lang='lat' dir='ltr'><strong>et</strong></span> <span class='ocrx_word' id='word_1_147' title='bbox 688 2166 767 2244; x_wconf 81' lang='lat' dir='ltr'><strong>ideo,</strong></span> <span class='ocrx_word' id='word_1_148' title='bbox 792 2165 867 2232; x_wconf 87' lang='lat' dir='ltr'><strong>lieet</strong></span> <span class='ocrx_word' id='word_1_149' title='bbox 889 2166 1008 2247; x_wconf 84' lang='lat' dir='ltr'><strong>offerat,</strong></span> <span class='ocrx_word' id='word_1_150' title='bbox 1032 2167 1100 2232; x_wconf 88' lang='lat' dir='ltr'><strong>oret</strong></span> <span class='ocrx_word' id='word_1_151' title='bbox 1123 2167 1226 2244; x_wconf 85' lang='lat' dir='ltr'><strong>deum,</strong></span> <span class='ocrx_word' id='word_1_152' title='bbox 1249 2170 1287 2232; x_wconf 90' lang='lat' dir='ltr'><strong>ut</strong></span> 
     </span>
     <span class='ocr_line' id='line_1_17' title="bbox 154 2269 1285 2353; baseline 0 -18"><span class='ocrx_word' id='word_1_153' title='bbox 154 2288 210 2335; x_wconf 90' lang='lat' dir='ltr'><strong>sna</strong></span> <span class='ocrx_word' id='word_1_154' title='bbox 242 2270 364 2353; x_wconf 89' lang='lat' dir='ltr'><strong>plaoeat</strong></span> <span class='ocrx_word' id='word_1_155' title='bbox 396 2270 523 2348; x_wconf 89' lang='lat' dir='ltr'><strong>oblatio,</strong></span> <span class='ocrx_word' id='word_1_156' title='bbox 560 2271 709 2352; x_wconf 83' lang='lat' dir='ltr'><strong>plangens</strong></span> <span class='ocrx_word' id='word_1_157' title='bbox 743 2271 777 2335; x_wconf 93' lang='lat' dir='ltr'><strong>id</strong></span> <span class='ocrx_word' id='word_1_158' title='bbox 810 2269 916 2353; x_wconf 90' lang='lat' dir='ltr'><strong>ipsum</strong></span> <span class='ocrx_word' id='word_1_159' title='bbox 949 2273 1030 2352; x_wconf 90' lang='lat' dir='ltr'><strong>quod</strong></span> <span class='ocrx_word' id='word_1_160' title='bbox 1063 2272 1151 2336; x_wconf 88' lang='lat' dir='ltr'><strong>tarde</strong></span> <span class='ocrx_word' id='word_1_161' title='bbox 1185 2273 1285 2351; x_wconf 85' lang='lat' dir='ltr'><strong>offert,</strong></span> 
     </span>
     <span class='ocr_line' id='line_1_18' title="bbox 154 2372 1286 2458; baseline 0.002 -22"><span class='ocrx_word' id='word_1_162' title='bbox 154 2373 307 2458; x_wconf 84' lang='lat' dir='ltr'><strong>plangens</strong></span> <span class='ocrx_word' id='word_1_163' title='bbox 330 2392 367 2440; x_wconf 88' lang='lat' dir='ltr'><strong>ao</strong></span> <span class='ocrx_word' id='word_1_164' title='bbox 389 2372 551 2455; x_wconf 87' lang='lat' dir='ltr'><strong>paenitens</strong></span> <span class='ocrx_word' id='word_1_165' title='bbox 574 2377 655 2456; x_wconf 93' lang='lat' dir='ltr'><strong>quod</strong></span> <span class='ocrx_word' id='word_1_166' title='bbox 672 2390 733 2438; x_wconf 92' lang='lat' dir='ltr'><strong>non</strong></span> <span class='ocrx_word' id='word_1_167' title='bbox 755 2374 861 2458; x_wconf 77' lang='lat' dir='ltr'><strong>priust</strong></span> <span class='ocrx_word' id='word_1_168' title='bbox 883 2374 929 2438; x_wconf 92' lang='lat' dir='ltr'><strong>sio</strong></span> <span class='ocrx_word' id='word_1_169' title='bbox 951 2375 1019 2455; x_wconf 91' lang='lat' dir='ltr'><strong>erit,</strong></span> <span class='ocrx_word' id='word_1_170' title='bbox 1043 2378 1080 2438; x_wconf 91' lang='lat' dir='ltr'><strong>ut</strong></span> <span class='ocrx_word' id='word_1_171' title='bbox 1102 2376 1191 2439; x_wconf 85' lang='lat' dir='ltr'><strong>iuxta</strong></span> <span class='ocrx_word' id='word_1_172' title='bbox 1212 2393 1286 2458; x_wconf 92' lang='lat' dir='ltr'><strong>pro-</strong></span> 
     </span>
     <span class='ocr_line' id='line_1_19' title="bbox 155 2476 992 2562; baseline 0 -22"><span class='ocrx_word' id='word_1_173' title='bbox 155 2477 283 2559; x_wconf 90' lang='lat' dir='ltr'><strong>phetam</strong></span> <span class='ocrx_word' id='word_1_174' title='bbox 305 2477 493 2562; x_wconf 88' lang='lat' dir='ltr'><strong>propitietur</strong></span> <span class='ocrx_word' id='word_1_175' title='bbox 515 2476 648 2542; x_wconf 86' lang='lat' dir='ltr'><strong>forsitan</strong></span> <span class='ocrx_word' id='word_1_176' title='bbox 672 2477 750 2542; x_wconf 89' lang='lat' dir='ltr'><strong>deus</strong></span> <span class='ocrx_word' id='word_1_177' title='bbox 773 2476 896 2542; x_wconf 89' lang='lat' dir='ltr'><strong>deliotis</strong></span> <span class='ocrx_word' id='word_1_178' title='bbox 919 2479 992 2541; x_wconf 90' lang='lat' dir='ltr'><strong>tuis.</strong></span> 
     </span>
    </p>
   </div>
   <div class='ocr_carea' id='block_1_3' title="bbox 123 2589 1341 3509">
    <p class='ocr_par' dir='ltr' id='par_1_3' title="bbox 123 2589 1341 3509">
     <span class='ocr_line' id='line_1_20' title="bbox 196 2589 1341 2682; baseline -0.003 -20"><span class='ocrx_word' id='word_1_179' title='bbox 196 2597 254 2662; x_wconf 85' lang='lat' dir='ltr'><strong>XI.</strong></span> <span class='ocrx_word' id='word_1_180' title='bbox 285 2597 344 2664; x_wconf 82' lang='lat' dir='ltr'><strong>Sed</strong></span> <span class='ocrx_word' id='word_1_181' title='bbox 373 2598 450 2664; x_wconf 90' lang='lat' dir='ltr'><strong>dieit</strong></span> <span class='ocrx_word' id='word_1_182' title='bbox 478 2597 607 2682; x_wconf 85' lang='lat' dir='ltr'><strong>aliquis:</strong></span> <span class='ocrx_word' id='word_1_183' title='bbox 636 2601 740 2665; x_wconf 90' lang='lat' dir='ltr'><strong>totum</strong></span> <span class='ocrx_word' id='word_1_184' title='bbox 768 2615 841 2681; x_wconf 86' lang='lat' dir='ltr'><strong>ergo</strong></span> <span class='ocrx_word' id='word_1_185' title='bbox 869 2599 926 2663; x_wconf 93' lang='lat' dir='ltr'><strong>deo</strong></span> <span class='ocrx_word' id='word_1_186' title='bbox 949 2597 1109 2662; x_wconf 86' lang='lat' dir='ltr'><strong>oblaturus</strong></span> <span class='ocrx_word' id='word_1_187' title='bbox 1133 2601 1181 2662; x_wconf 90' lang='lat' dir='ltr'><strong>est</strong></span> <span class='ocrx_word' id='word_1_188' title='bbox 1203 2597 1286 2680; x_wconf 90' lang='lat' dir='ltr'><strong>quod</strong></span> <span class='ocrx_word' id='word_1_189' title='bbox 1297 2589 1341 2656; x_wconf 88' lang='lat'><strong>55</strong></span> 
     </span>
     <span class='ocr_line' id='line_1_21' title="bbox 125 2700 1287 2785; baseline 0.003 -23"><span class='ocrx_word' id='word_1_190' title='bbox 125 2702 274 2768; x_wconf 77' lang='lat' dir='ltr'><strong>sehabet?</strong></span> <span class='ocrx_word' id='word_1_191' title='bbox 310 2720 373 2768; x_wconf 95' lang='lat' dir='ltr'><strong>nou</strong></span> <span class='ocrx_word' id='word_1_192' title='bbox 396 2702 506 2768; x_wconf 87' lang='lat' dir='ltr'><strong>offerat</strong></span> <span class='ocrx_word' id='word_1_193' title='bbox 528 2705 633 2768; x_wconf 90' lang='lat' dir='ltr'><strong>totum</strong></span> <span class='ocrx_word' id='word_1_194' title='bbox 656 2704 737 2785; x_wconf 90' lang='lat' dir='ltr'><strong>quod</strong></span> <span class='ocrx_word' id='word_1_195' title='bbox 760 2703 866 2781; x_wconf 85' lang='lat' dir='ltr'><strong>habet,</strong></span> <span class='ocrx_word' id='word_1_196' title='bbox 890 2701 916 2766; x_wconf 89' lang='lat' dir='ltr'><strong>si</strong></span> <span class='ocrx_word' id='word_1_197' title='bbox 938 2720 999 2767; x_wconf 92' lang='lat' dir='ltr'><strong>non</strong></span> <span class='ocrx_word' id='word_1_198' title='bbox 1021 2704 1112 2784; x_wconf 88' lang='lat' dir='ltr'><strong>putet</strong></span> <span class='ocrx_word' id='word_1_199' title='bbox 1127 2721 1159 2766; x_wconf 88' lang='lat' dir='ltr'><strong>se</strong></span> <span class='ocrx_word' id='word_1_200' title='bbox 1174 2700 1287 2767; x_wconf 88' lang='lat' dir='ltr'><strong>debere</strong></span> 
     </span>
     <span class='ocr_line' id='line_1_22' title="bbox 156 2805 1287 2890; baseline 0.001 -22"><span class='ocrx_word' id='word_1_201' title='bbox 156 2806 258 2870; x_wconf 90' lang='lat' dir='ltr'><strong>totum</strong></span> <span class='ocrx_word' id='word_1_202' title='bbox 282 2805 363 2888; x_wconf 90' lang='lat' dir='ltr'><strong>quod</strong></span> <span class='ocrx_word' id='word_1_203' title='bbox 386 2805 489 2871; x_wconf 87' lang='lat' dir='ltr'><strong>habet.</strong></span> <span class='ocrx_word' id='word_1_204' title='bbox 527 2824 589 2871; x_wconf 93' lang='lat' dir='ltr'><strong>non</strong></span> <span class='ocrx_word' id='word_1_205' title='bbox 612 2825 723 2890; x_wconf 89' lang='lat' dir='ltr'><strong>quaero</strong></span> <span class='ocrx_word' id='word_1_206' title='bbox 747 2807 835 2871; x_wconf 89' lang='lat' dir='ltr'><strong>ouius</strong></span> <span class='ocrx_word' id='word_1_207' title='bbox 858 2806 900 2871; x_wconf 88' lang='lat' dir='ltr'><strong>sit</strong></span> <span class='ocrx_word' id='word_1_208' title='bbox 922 2807 1005 2888; x_wconf 92' lang='lat' dir='ltr'><strong>quod</strong></span> <span class='ocrx_word' id='word_1_209' title='bbox 1024 2805 1161 2885; x_wconf 85' lang='lat' dir='ltr'><strong>offertur,</strong></span> <span class='ocrx_word' id='word_1_210' title='bbox 1186 2823 1205 2870; x_wconf 90' lang='lat' dir='ltr'><strong>a</strong></span> <span class='ocrx_word' id='word_1_211' title='bbox 1226 2825 1287 2888; x_wconf 87' lang='lat' dir='ltr'><strong>quo</strong></span> 
     </span>
     <span class='ocr_line' id='line_1_23' title="bbox 158 2907 1287 2993; baseline -0.001 -20"><span class='ocrx_word' id='word_1_212' title='bbox 158 2911 199 2974; x_wconf 89' lang='lat' dir='ltr'><strong>sit</strong></span> <span class='ocrx_word' id='word_1_213' title='bbox 221 2912 385 2990; x_wconf 89' lang='lat' dir='ltr'><strong>aeoeptum</strong></span> <span class='ocrx_word' id='word_1_214' title='bbox 408 2907 481 2974; x_wconf 86' lang='lat' dir='ltr'><strong>ante</strong></span> <span class='ocrx_word' id='word_1_215' title='bbox 505 2911 586 2993; x_wconf 91' lang='lat' dir='ltr'><strong>quod</strong></span> <span class='ocrx_word' id='word_1_216' title='bbox 608 2910 766 2975; x_wconf 86' lang='lat' dir='ltr'><strong>redditur:</strong></span> <span class='ocrx_word' id='word_1_217' title='bbox 790 2911 849 2975; x_wconf 89' lang='lat' dir='ltr'><strong>hoe</strong></span> <span class='ocrx_word' id='word_1_218' title='bbox 864 2909 934 2975; x_wconf 87' lang='lat' dir='ltr'><strong>dieo</strong></span> <span class='ocrx_word' id='word_1_219' title='bbox 958 2909 1068 2987; x_wconf 83' lang='lat' dir='ltr'><strong>solnm,</strong></span> <span class='ocrx_word' id='word_1_220' title='bbox 1092 2927 1154 2973; x_wconf 93' lang='lat' dir='ltr'><strong>nou</strong></span> <span class='ocrx_word' id='word_1_221' title='bbox 1176 2909 1287 2974; x_wconf 88' lang='lat' dir='ltr'><strong>offerat</strong></span> 
     </span>
     <span class='ocr_line' id='line_1_24' title="bbox 156 3011 1286 3095; baseline 0 -19"><span class='ocrx_word' id='word_1_222' title='bbox 156 3014 258 3077; x_wconf 88' lang='lat' dir='ltr'><strong>totum</strong></span> <span class='ocrx_word' id='word_1_223' title='bbox 289 3028 344 3095; x_wconf 93' lang='lat' dir='ltr'><strong>pro</strong></span> <span class='ocrx_word' id='word_1_224' title='bbox 375 3011 490 3090; x_wconf 90' lang='lat' dir='ltr'><strong>debito,</strong></span> <span class='ocrx_word' id='word_1_225' title='bbox 520 3013 546 3077; x_wconf 92' lang='lat' dir='ltr'><strong>si</strong></span> <span class='ocrx_word' id='word_1_226' title='bbox 570 3013 680 3078; x_wconf 89' lang='lat' dir='ltr'><strong>debere</strong></span> <span class='ocrx_word' id='word_1_227' title='bbox 703 3031 736 3078; x_wconf 90' lang='lat' dir='ltr'><strong>se</strong></span> <span class='ocrx_word' id='word_1_228' title='bbox 758 3013 861 3078; x_wconf 91' lang='lat' dir='ltr'><strong>totum</strong></span> <span class='ocrx_word' id='word_1_229' title='bbox 891 3031 953 3078; x_wconf 94' lang='lat' dir='ltr'><strong>uon</strong></span> <span class='ocrx_word' id='word_1_230' title='bbox 981 3014 1073 3095; x_wconf 89' lang='lat' dir='ltr'><strong>putat</strong></span> <span class='ocrx_word' id='word_1_231' title='bbox 1101 3031 1156 3094; x_wconf 91' lang='lat' dir='ltr'><strong>pro</strong></span> <span class='ocrx_word' id='word_1_232' title='bbox 1187 3014 1286 3076; x_wconf 87' lang='lat' dir='ltr'><strong>reatu.</strong></span> 
     </span>
     <span class='ocr_line' id='line_1_25' title="bbox 157 3113 1289 3199; baseline -0.002 -18"><span class='ocrx_word' id='word_1_233' title='bbox 157 3120 257 3181; x_wconf 86' lang='lat' dir='ltr'><strong>toturn</strong></span> <span class='ocrx_word' id='word_1_234' title='bbox 289 3133 371 3198; x_wconf 85' lang='lat' dir='ltr'><strong>ergo,</strong></span> <span class='ocrx_word' id='word_1_235' title='bbox 403 3115 507 3197; x_wconf 90' lang='lat' dir='ltr'><strong>iuquit</strong></span> <span class='ocrx_word' id='word_1_236' title='bbox 537 3115 679 3198; x_wconf 89' lang='lat' dir='ltr'><strong>quamuis</strong></span> <span class='ocrx_word' id='word_1_237' title='bbox 709 3119 852 3199; x_wconf 78' lang='lat' dir='ltr'><strong>peccator</strong></span> <span class='ocrx_word' id='word_1_238' title='bbox 874 3113 996 3196; x_wconf 89' lang='lat' dir='ltr'><strong>aliquis,</strong></span> <span class='ocrx_word' id='word_1_239' title='bbox 1028 3114 1191 3181; x_wconf 89' lang='lat' dir='ltr'><strong>oblaturus</strong></span> <span class='ocrx_word' id='word_1_240' title='bbox 1215 3116 1289 3179; x_wconf 80' lang='lat' dir='ltr'><strong>est?</strong></span> 
     </span>
     <span class='ocr_line' id='line_1_26' title="bbox 123 3218 1286 3299; baseline 0.003 -19"><span class='ocrx_word' id='word_1_241' title='bbox 123 3219 254 3284; x_wconf 78' lang='lat' dir='ltr'><strong>asimmo</strong></span> <span class='ocrx_word' id='word_1_242' title='bbox 276 3219 366 3295; x_wconf 88' lang='lat' dir='ltr'><strong>nihil,</strong></span> <span class='ocrx_word' id='word_1_243' title='bbox 389 3220 415 3284; x_wconf 93' lang='lat' dir='ltr'><strong>si</strong></span> <span class='ocrx_word' id='word_1_244' title='bbox 438 3237 497 3285; x_wconf 93' lang='lat' dir='ltr'><strong>non</strong></span> <span class='ocrx_word' id='word_1_245' title='bbox 521 3239 592 3284; x_wconf 90' lang='lat' dir='ltr'><strong>oum</strong></span> <span class='ocrx_word' id='word_1_246' title='bbox 614 3220 687 3299; x_wconf 87' lang='lat' dir='ltr'><strong>fide,</strong></span> <span class='ocrx_word' id='word_1_247' title='bbox 711 3221 808 3284; x_wconf 90' lang='lat' dir='ltr'><strong>immo</strong></span> <span class='ocrx_word' id='word_1_248' title='bbox 831 3219 920 3296; x_wconf 87' lang='lat' dir='ltr'><strong>nihil,</strong></span> <span class='ocrx_word' id='word_1_249' title='bbox 942 3219 971 3282; x_wconf 87' lang='lat' dir='ltr'><strong>si</strong></span> <span class='ocrx_word' id='word_1_250' title='bbox 985 3237 1047 3282; x_wconf 94' lang='lat' dir='ltr'><strong>non</strong></span> <span class='ocrx_word' id='word_1_251' title='bbox 1062 3237 1134 3284; x_wconf 89' lang='lat' dir='ltr'><strong>oum</strong></span> <span class='ocrx_word' id='word_1_252' title='bbox 1152 3218 1286 3296; x_wconf 84' lang='lat' dir='ltr'><strong>ambitu,</strong></span> 
     </span>
     <span class='ocr_line' id='line_1_27' title="bbox 156 3320 1286 3407; baseline -0.002 -20"><span class='ocrx_word' id='word_1_253' title='bbox 156 3323 254 3387; x_wconf 90' lang='lat' dir='ltr'><strong>immo</strong></span> <span class='ocrx_word' id='word_1_254' title='bbox 277 3321 367 3407; x_wconf 86' lang='lat' dir='ltr'><strong>nihil,</strong></span> <span class='ocrx_word' id='word_1_255' title='bbox 391 3324 418 3388; x_wconf 90' lang='lat' dir='ltr'><strong>si</strong></span> <span class='ocrx_word' id='word_1_256' title='bbox 440 3341 501 3389; x_wconf 93' lang='lat' dir='ltr'><strong>non</strong></span> <span class='ocrx_word' id='word_1_257' title='bbox 518 3341 588 3388; x_wconf 89' lang='lat' dir='ltr'><strong>oum</strong></span> <span class='ocrx_word' id='word_1_258' title='bbox 612 3343 710 3405; x_wconf 80' lang='lat' dir='ltr'><strong>prece,</strong></span> <span class='ocrx_word' id='word_1_259' title='bbox 734 3323 831 3387; x_wconf 91' lang='lat' dir='ltr'><strong>immo</strong></span> <span class='ocrx_word' id='word_1_260' title='bbox 854 3321 944 3399; x_wconf 86' lang='lat' dir='ltr'><strong>nihil,</strong></span> <span class='ocrx_word' id='word_1_261' title='bbox 968 3320 994 3386; x_wconf 92' lang='lat' dir='ltr'><strong>si</strong></span> <span class='ocrx_word' id='word_1_262' title='bbox 1016 3340 1078 3386; x_wconf 95' lang='lat' dir='ltr'><strong>nou</strong></span> <span class='ocrx_word' id='word_1_263' title='bbox 1100 3322 1157 3386; x_wconf 86' lang='lat' dir='ltr'><strong>hoe</strong></span> <span class='ocrx_word' id='word_1_264' title='bbox 1173 3320 1286 3398; x_wconf 89' lang='lat' dir='ltr'><strong>animo,</strong></span> 
     </span>
     <span class='ocr_line' id='line_1_28' title="bbox 158 3424 1288 3509; baseline -0.001 -20"><span class='ocrx_word' id='word_1_265' title='bbox 158 3429 192 3489; x_wconf 90' lang='lat' dir='ltr'><strong>ut</strong></span> <span class='ocrx_word' id='word_1_266' title='bbox 223 3425 282 3489; x_wconf 91' lang='lat' dir='ltr'><strong>hoo</strong></span> <span class='ocrx_word' id='word_1_267' title='bbox 315 3425 420 3508; x_wconf 90' lang='lat' dir='ltr'><strong>ipsum</strong></span> <span class='ocrx_word' id='word_1_268' title='bbox 453 3426 535 3492; x_wconf 91' lang='lat' dir='ltr'><strong>inter</strong></span> <span class='ocrx_word' id='word_1_269' title='bbox 568 3427 735 3508; x_wconf 82' lang='lat' dir='ltr'><strong>praecipua</strong></span> <span class='ocrx_word' id='word_1_270' title='bbox 768 3425 918 3491; x_wconf 89' lang='lat' dir='ltr'><strong>benefioia</strong></span> <span class='ocrx_word' id='word_1_271' title='bbox 951 3424 1002 3490; x_wconf 94' lang='lat' dir='ltr'><strong>dei</strong></span> <span class='ocrx_word' id='word_1_272' title='bbox 1035 3428 1171 3509; x_wconf 81' lang='lat' dir='ltr'><strong>reputet,</strong></span> <span class='ocrx_word' id='word_1_273' title='bbox 1205 3425 1288 3506; x_wconf 93' lang='lat' dir='ltr'><strong>quod</strong></span> 
     </span>
    </p>
   </div>
   <div class='ocr_carea' id='block_1_4' title="bbox 149 3681 1291 4536">
    <p class='ocr_par' dir='ltr' id='par_1_4' title="bbox 149 3681 1291 4536">
     <span class='ocr_line' id='line_1_29' title="bbox 210 3681 1290 3750; baseline -0.004 -12"><span class='ocrx_word' id='word_1_274' title='bbox 210 3686 333 3738; x_wconf 85' lang='lat' dir='ltr'><strong>laenim</strong></span> <span class='ocrx_word' id='word_1_275' title='bbox 351 3685 377 3738; x_wconf 99' lang='lat' dir='ltr'><strong><em>A</em></strong></span> <span class='ocrx_word' id='word_1_276' title='bbox 481 3683 588 3738; x_wconf 84' lang='lat' dir='ltr'><strong>2fides</strong></span> <span class='ocrx_word' id='word_1_277' title='bbox 606 3701 642 3738; x_wconf 81' lang='lat' dir='ltr'><strong>ex</strong></span> <span class='ocrx_word' id='word_1_278' title='bbox 658 3683 721 3738; x_wconf 83' lang='lat' dir='ltr'><strong>ndis</strong></span> <span class='ocrx_word' id='word_1_279' title='bbox 738 3697 808 3739; x_wconf 71' lang='lat' dir='ltr'><strong>sorr.</strong></span> <span class='ocrx_word' id='word_1_280' title='bbox 826 3701 860 3738; x_wconf 82' lang='lat' dir='ltr'><strong>m.</strong></span> <span class='ocrx_word' id='word_1_281' title='bbox 880 3683 974 3738; x_wconf 67' lang='grc' dir='ltr'><strong>ΗΒ</strong></span> <span class='ocrx_word' id='word_1_282' title='bbox 1078 3683 1109 3736; x_wconf 93' lang='grc'><strong>11</strong></span> <span class='ocrx_word' id='word_1_283' title='bbox 1133 3681 1290 3750; x_wconf 85' lang='lat' dir='ltr'><strong>pliestionis</strong></span> 
     </span>
     <span class='ocr_line' id='line_1_30' title="bbox 155 3767 1287 3840; baseline -0.006 -14"><span class='ocrx_word' id='word_1_284' title='bbox 155 3772 183 3826; x_wconf 91' lang='grc' dir='ltr'><strong><em>Β</em></strong></span> <span class='ocrx_word' id='word_1_285' title='bbox 208 3770 370 3840; x_wconf 83' lang='lat' dir='ltr'><strong>placationis</strong></span> <span class='ocrx_word' id='word_1_286' title='bbox 388 3769 501 3839; x_wconf 83' lang='lat' dir='ltr'><strong>(eamd)</strong></span> <span class='ocrx_word' id='word_1_287' title='bbox 521 3770 563 3824; x_wconf 84' lang='lat' dir='ltr'><strong>ed.</strong></span> <span class='ocrx_word' id='word_1_288' title='bbox 583 3771 729 3826; x_wconf 71' lang='lat' dir='ltr'><strong>Bolerion</strong></span> <span class='ocrx_word' id='word_1_289' title='bbox 826 3771 860 3824; x_wconf 91' lang='grc'><strong>16</strong></span> <span class='ocrx_word' id='word_1_290' title='bbox 882 3769 911 3823; x_wconf 87' lang='grc'><strong>11</strong></span> <span class='ocrx_word' id='word_1_291' title='bbox 929 3767 1140 3838; x_wconf 83' lang='lat' dir='ltr'><strong>ipsum-offert</strong></span> <span class='ocrx_word' id='word_1_292' title='bbox 1157 3768 1287 3836; x_wconf 84' lang='lat' dir='ltr'><strong>plangens</strong></span> 
     </span>
     <span class='ocr_line' id='line_1_31' title="bbox 155 3849 1288 3926; baseline -0.007 -14"><span class='ocrx_word' id='word_1_293' title='bbox 155 3874 207 3912; x_wconf 87' lang='lat' dir='ltr'><strong>om.</strong></span> <span class='ocrx_word' id='word_1_294' title='bbox 224 3856 346 3924; x_wconf 70' lang='lat' dir='ltr'><strong>ABlb)‚·</strong></span> <span class='ocrx_word' id='word_1_295' title='bbox 373 3856 446 3925; x_wconf 73' lang='lat' dir='ltr'><strong>quod</strong></span> <span class='ocrx_word' id='word_1_296' title='bbox 463 3856 565 3926; x_wconf 72' lang='lat' dir='ltr'><strong>sapione</strong></span> <span class='ocrx_word' id='word_1_297' title='bbox 582 3857 698 3910; x_wconf 75' lang='lat' dir='ltr'><strong>uidetur·</strong></span> <span class='ocrx_word' id='word_1_298' title='bbox 713 3854 857 3909; x_wconf 71' lang='lat' dir='ltr'><strong>Halmium</strong></span> <span class='ocrx_word' id='word_1_299' title='bbox 874 3854 920 3922; x_wconf 75' lang='lat' dir='ltr'><strong>qai</strong></span> <span class='ocrx_word' id='word_1_300' title='bbox 937 3854 1008 3908; x_wconf 77' lang='grc'>111111</span> <span class='ocrx_word' id='word_1_301' title='bbox 1025 3853 1058 3907; x_wconf 78' lang='lat' dir='ltr'><strong>iro</strong></span> <span class='ocrx_word' id='word_1_302' title='bbox 1076 3851 1142 3906; x_wconf 76' lang='lat' dir='ltr'><strong>adn.</strong></span> <span class='ocrx_word' id='word_1_303' title='bbox 1160 3852 1221 3906; x_wconf 78' lang='lat' dir='ltr'><strong>erit.</strong></span> <span class='ocrx_word' id='word_1_304' title='bbox 1239 3849 1288 3904; x_wconf 80' lang='lat' dir='ltr'><strong>od·</strong></span> 
     </span>
     <span class='ocr_line' id='line_1_32' title="bbox 153 3937 1220 4010; baseline -0.008 -11"><span class='ocrx_word' id='word_1_305' title='bbox 153 3945 263 3999; x_wconf 72' lang='lat' dir='ltr'><strong>notarit</strong></span> <span class='ocrx_word' id='word_1_306' title='bbox 356 3941 386 3995; x_wconf 77' lang='lat'><strong>17</strong></span> <span class='ocrx_word' id='word_1_307' title='bbox 405 3941 527 4010; x_wconf 87' lang='lat' dir='ltr'><strong>penitens</strong></span> <span class='ocrx_word' id='word_1_308' title='bbox 544 3942 572 3995; x_wconf 89' lang='lat' dir='ltr'><strong><em>B</em></strong></span> <span class='ocrx_word' id='word_1_309' title='bbox 664 3941 756 4010; x_wconf 88' lang='lat' dir='ltr'><strong>sieque</strong></span> <span class='ocrx_word' id='word_1_310' title='bbox 773 3941 883 4003; x_wconf 74' lang='lat' dir='ltr'><strong>literam</strong></span> <span class='ocrx_word' id='word_1_311' title='bbox 901 3952 961 3993; x_wconf 81' lang='lat' dir='ltr'><strong>oron</strong></span> <span class='ocrx_word' id='word_1_312' title='bbox 978 3939 1003 4005; x_wconf 84' lang='grc'><strong>1)</strong></span> <span class='ocrx_word' id='word_1_313' title='bbox 1023 3937 1064 3994; x_wconf 83' lang='lat' dir='ltr'><strong>od.</strong></span> <span class='ocrx_word' id='word_1_314' title='bbox 1083 3937 1220 3993; x_wconf 71' lang='lat' dir='ltr'><strong>Baream</strong></span> 
     </span>
     <span class='ocr_line' id='line_1_33' title="bbox 154 4022 1288 4096; baseline -0.009 -11"><span class='ocrx_word' id='word_1_315' title='bbox 154 4029 209 4084; x_wconf 88' lang='lat' dir='ltr'><strong>erit</strong></span> <span class='ocrx_word' id='word_1_316' title='bbox 226 4031 391 4084; x_wconf 66' lang='grc'>1111112</span> <span class='ocrx_word' id='word_1_317' title='bbox 408 4043 444 4096; x_wconf 79' lang='lat' dir='ltr'><strong>ge</strong></span> <span class='ocrx_word' id='word_1_318' title='bbox 459 4033 490 4080; x_wconf 75' lang='lat' dir='ltr'><strong>ert</strong></span> <span class='ocrx_word' id='word_1_319' title='bbox 507 4028 544 4081; x_wconf 75' lang='lat' dir='ltr'><strong>eit</strong></span> <span class='ocrx_word' id='word_1_320' title='bbox 559 4027 647 4096; x_wconf 81' lang='lat' dir='ltr'><strong>egerit</strong></span> <span class='ocrx_word' id='word_1_321' title='bbox 664 4028 693 4080; x_wconf 88' lang='lat' dir='ltr'><strong><em>A</em></strong></span> <span class='ocrx_word' id='word_1_322' title='bbox 737 4065 740 4070; x_wconf 50' lang='lat'>&gt;</span> <span class='ocrx_word' id='word_1_323' title='bbox 796 4027 829 4080; x_wconf 82' lang='grc'><strong>18</strong></span> <span class='ocrx_word' id='word_1_324' title='bbox 845 4027 901 4080; x_wconf 89' lang='lat' dir='ltr'><strong>tuis</strong></span> <span class='ocrx_word' id='word_1_325' title='bbox 917 4041 938 4081; x_wconf 87' lang='lat' dir='ltr'><strong>s.</strong></span> <span class='ocrx_word' id='word_1_326' title='bbox 956 4041 1008 4082; x_wconf 83' lang='lat' dir='ltr'><strong>sor.</strong></span> <span class='ocrx_word' id='word_1_327' title='bbox 1026 4027 1095 4079; x_wconf 79' lang='lat' dir='ltr'><strong>na2</strong></span> <span class='ocrx_word' id='word_1_328' title='bbox 1121 4023 1178 4078; x_wconf 88' lang='lat' dir='ltr'><strong>eius</strong></span> <span class='ocrx_word' id='word_1_329' title='bbox 1195 4022 1224 4076; x_wconf 92' lang='lat' dir='ltr'><strong><em>A</em></strong></span> <span class='ocrx_word' id='word_1_330' title='bbox 1242 4023 1288 4089; x_wconf 76' lang='lat' dir='ltr'><strong>(ef.</strong></span> 
     </span>
     <span class='ocr_line' id='line_1_34' title="bbox 152 4108 1220 4184; baseline -0.006 -14"><span class='ocrx_word' id='word_1_331' title='bbox 152 4117 236 4184; x_wconf 71' lang='lat' dir='ltr'><strong>infra</strong></span> <span class='ocrx_word' id='word_1_332' title='bbox 246 4121 269 4180; x_wconf 72' lang='grc'><strong>5,</strong></span> <span class='ocrx_word' id='word_1_333' title='bbox 285 4117 346 4179; x_wconf 57' lang='grc'><strong>621</strong></span> <span class='ocrx_word' id='word_1_334' title='bbox 366 4115 422 4168; x_wconf 88' lang='lat' dir='ltr'><strong>suis</strong></span> <span class='ocrx_word' id='word_1_335' title='bbox 439 4113 467 4167; x_wconf 89' lang='lat' dir='ltr'><strong><em>B</em></strong></span> <span class='ocrx_word' id='word_1_336' title='bbox 484 4111 550 4179; x_wconf 68' lang='lat' dir='ltr'><strong>forts</strong></span> <span class='ocrx_word' id='word_1_337' title='bbox 563 4118 633 4174; x_wconf 77' lang='lat' dir='ltr'><strong>reete</strong></span> <span class='ocrx_word' id='word_1_338' title='bbox 644 4114 689 4168; x_wconf 81' lang='lat' dir='ltr'><strong>ael</strong></span> <span class='ocrx_word' id='word_1_339' title='bbox 700 4113 780 4168; x_wconf 77' lang='lat' dir='ltr'><strong>roret.</strong></span> <span class='ocrx_word' id='word_1_340' title='bbox 793 4113 862 4174; x_wconf 87' lang='lat' dir='ltr'><strong>oius;</strong></span> <span class='ocrx_word' id='word_1_341' title='bbox 879 4111 929 4178; x_wconf 77' lang='lat' dir='ltr'><strong>cfr.</strong></span> <span class='ocrx_word' id='word_1_342' title='bbox 942 4108 1177 4167; x_wconf 71' lang='grc' dir='ltr'>1111111.αάΙὶ</span> <span class='ocrx_word' id='word_1_343' title='bbox 1186 4111 1220 4164; x_wconf 82' lang='grc'>51</span> 
     </span>
     <span class='ocr_line' id='line_1_35' title="bbox 152 4195 1291 4268; baseline -0.007 -12"><span class='ocrx_word' id='word_1_344' title='bbox 152 4202 191 4256; x_wconf 77' lang='lat'><strong>20</strong></span> <span class='ocrx_word' id='word_1_345' title='bbox 209 4202 303 4256; x_wconf 81' lang='lat' dir='ltr'><strong>sinon</strong></span> <span class='ocrx_word' id='word_1_346' title='bbox 322 4198 527 4268; x_wconf 82' lang='lat' dir='ltr'><strong>putat—habet</strong></span> <span class='ocrx_word' id='word_1_347' title='bbox 544 4215 595 4254; x_wconf 86' lang='lat' dir='ltr'><strong>om.</strong></span> <span class='ocrx_word' id='word_1_348' title='bbox 613 4199 641 4253; x_wconf 95' lang='grc' dir='ltr'><strong><em>Β</em></strong></span> <span class='ocrx_word' id='word_1_349' title='bbox 739 4200 772 4252; x_wconf 82' lang='lat'><strong>21</strong></span> <span class='ocrx_word' id='word_1_350' title='bbox 790 4213 837 4253; x_wconf 90' lang='lat' dir='ltr'><strong>nee</strong></span> <span class='ocrx_word' id='word_1_351' title='bbox 855 4213 937 4268; x_wconf 84' lang='lat' dir='ltr'><strong>quero</strong></span> <span class='ocrx_word' id='word_1_352' title='bbox 954 4198 982 4252; x_wconf 91' lang='grc' dir='ltr'><strong><em>Β</em></strong></span> <span class='ocrx_word' id='word_1_353' title='bbox 1079 4197 1191 4251; x_wconf 81' lang='lat' dir='ltr'><strong>offertur</strong></span> <span class='ocrx_word' id='word_1_354' title='bbox 1209 4195 1254 4250; x_wconf 90' lang='lat' dir='ltr'><strong>uel</strong></span> <span class='ocrx_word' id='word_1_355' title='bbox 1272 4211 1291 4248; x_wconf 90' lang='lat' dir='ltr'><strong>a</strong></span> 
     </span>
     <span class='ocr_line' id='line_1_36' title="bbox 152 4284 1291 4360; baseline -0.005 -16"><span class='ocrx_word' id='word_1_356' title='bbox 152 4307 209 4360; x_wconf 87' lang='lat' dir='ltr'><strong>qno</strong></span> <span class='ocrx_word' id='word_1_357' title='bbox 222 4289 332 4354; x_wconf 74' lang='lat' dir='ltr'><strong>(lteram</strong></span> <span class='ocrx_word' id='word_1_358' title='bbox 343 4303 405 4343; x_wconf 79' lang='lat' dir='ltr'><strong>eam</strong></span> <span class='ocrx_word' id='word_1_359' title='bbox 417 4287 444 4354; x_wconf 83' lang='lat' dir='ltr'><strong>b)</strong></span> <span class='ocrx_word' id='word_1_360' title='bbox 457 4285 499 4341; x_wconf 80' lang='lat' dir='ltr'><strong>ed.</strong></span> <span class='ocrx_word' id='word_1_361' title='bbox 512 4287 650 4342; x_wconf 68' lang='lat' dir='ltr'><strong>Battiadas</strong></span> <span class='ocrx_word' id='word_1_362' title='bbox 753 4286 787 4340; x_wconf 77' lang='grc'><strong>22</strong></span> <span class='ocrx_word' id='word_1_363' title='bbox 805 4287 895 4342; x_wconf 89' lang='lat' dir='ltr'><strong>reddit</strong></span> <span class='ocrx_word' id='word_1_364' title='bbox 912 4303 948 4342; x_wconf 78' lang='lat' dir='ltr'><strong>roe</strong></span> <span class='ocrx_word' id='word_1_365' title='bbox 965 4284 1087 4340; x_wconf 87' lang='lat' dir='ltr'><strong>redditur</strong></span> <span class='ocrx_word' id='word_1_366' title='bbox 1104 4300 1176 4339; x_wconf 81' lang='lat' dir='ltr'><strong>sorr.</strong></span> <span class='ocrx_word' id='word_1_367' title='bbox 1188 4299 1291 4338; x_wconf 75' lang='lat' dir='ltr'><strong>rasura</strong></span> 
     </span>
     <span class='ocr_line' id='line_1_37' title="bbox 150 4369 1291 4443; baseline -0.006 -12"><span class='ocrx_word' id='word_1_368' title='bbox 150 4377 184 4431; x_wconf 89' lang='lat' dir='ltr'><strong><em>A</em></strong></span> <span class='ocrx_word' id='word_1_369' title='bbox 291 4374 326 4428; x_wconf 74' lang='grc'>14</span> <span class='ocrx_word' id='word_1_370' title='bbox 351 4373 442 4442; x_wconf 78' lang='lat' dir='ltr'><strong>iuquIt</strong></span> <span class='ocrx_word' id='word_1_371' title='bbox 467 4373 593 4441; x_wconf 84' lang='lat' dir='ltr'><strong>quamuis</strong></span> <span class='ocrx_word' id='word_1_372' title='bbox 619 4373 717 4442; x_wconf 83' lang='lat' dir='ltr'><strong>ailquie</strong></span> <span class='ocrx_word' id='word_1_373' title='bbox 743 4376 864 4442; x_wconf 86' lang='lat' dir='ltr'><strong>peooator</strong></span> <span class='ocrx_word' id='word_1_374' title='bbox 891 4375 1003 4443; x_wconf 74' lang='lat' dir='ltr'><strong>(iterum</strong></span> <span class='ocrx_word' id='word_1_375' title='bbox 1024 4387 1085 4427; x_wconf 73' lang='lat' dir='ltr'><strong>mom</strong></span> <span class='ocrx_word' id='word_1_376' title='bbox 1109 4371 1135 4438; x_wconf 87' lang='lat' dir='ltr'><strong>b)</strong></span> <span class='ocrx_word' id='word_1_377' title='bbox 1162 4369 1203 4427; x_wconf 77' lang='lat' dir='ltr'><strong>ed.</strong></span> <span class='ocrx_word' id='word_1_378' title='bbox 1230 4371 1291 4425; x_wconf 89' lang='lat' dir='ltr'><strong>Ba·</strong></span> 
     </span>
     <span class='ocr_line' id='line_1_38' title="bbox 149 4457 920 4536; baseline -0.005 -19"><span class='ocrx_word' id='word_1_379' title='bbox 149 4461 249 4518; x_wconf 73' lang='lat' dir='ltr'><strong>luaius</strong></span> <span class='ocrx_word' id='word_1_380' title='bbox 353 4457 387 4512; x_wconf 82' lang='lat'><strong>26</strong></span> <span class='ocrx_word' id='word_1_381' title='bbox 405 4473 497 4526; x_wconf 84' lang='lat' dir='ltr'><strong>praece</strong></span> <span class='ocrx_word' id='word_1_382' title='bbox 513 4459 541 4512; x_wconf 89' lang='lat' dir='ltr'><strong><em>A</em></strong></span> <span class='ocrx_word' id='word_1_383' title='bbox 623 4458 678 4536; x_wconf 17' lang='lat'><strong>&#39;27</strong></span> <span class='ocrx_word' id='word_1_384' title='bbox 696 4457 820 4528; x_wconf 86' lang='lat' dir='ltr'><strong>precipua</strong></span> <span class='ocrx_word' id='word_1_385' title='bbox 838 4460 865 4513; x_wconf 89' lang='lat' dir='ltr'><strong><em>A</em></strong></span> <span class='ocrx_word' id='word_1_386' title='bbox 917 4487 920 4494; x_wconf 73' lang='lat'>‚</span> 
     </span>
    </p>
   </div>
   <div class='ocr_carea' id='block_1_5' title="bbox 209 4561 1181 4618">
    <p class='ocr_par' dir='ltr' id='par_1_5' title="bbox 209 4561 1181 4618">
     <span class='ocr_line' id='line_1_39' title="bbox 209 4561 1181 4618; baseline -0.003 -2"><span class='ocrx_word' id='word_1_387' title='bbox 209 4564 288 4618; x_wconf 87' lang='lat' dir='ltr'>VIII.</span> <span class='ocrx_word' id='word_1_388' title='bbox 1150 4561 1181 4614; x_wconf 90' lang='grc'><strong>16</strong></span> 
     </span>
    </p>
   </div>
   <div class='ocr_carea' id='block_1_6' title="bbox 0 0 1594 5100">
    <p class='ocr_par' dir='ltr' id='par_1_6' title="bbox 0 0 1594 5100">
     <span class='ocr_line' id='line_1_40' title="bbox 0 0 1594 5100; baseline 0 9"><span class='ocrx_word' id='word_1_389' title='bbox 0 0 1594 5100; x_wconf 95' lang='lat' dir='ltr'><strong> </strong></span> 
     </span>
    </p>
   </div>
  </div>
 </body>
</html>
