3178 5100
288 461 352 528 250
775 459 932 513 Saluiani

239 651 361 717 litante
395 650 497 734 legem
531 651 614 714 enim
647 648 783 714 liberum
818 649 959 714 omnibus
994 648 1061 712 erat
1095 647 1147 712 uel
1183 645 1343 714 habendae
1369 649 1432 716 uel,

289 756 386 820 etiam
419 752 642 818 consectandae
658 752 835 818 inanitatis
865 751 1042 833 arbitrium,
1077 751 1150 833 quia
1179 749 1298 815 scilicet
1320 748 1423 816 adhuc

239 841 241 846 ¹
288 861 366 922 tunc
399 856 490 940 uirga
524 857 763 922 interdictorum
799 856 980 921 caelestium
1008 872 1069 920 ηοη
1098 853 1318 936 castigabatur.
1357 855 1424 919 ubi

289 961 407 1039 enim,
432 960 535 1044 inquit
555 960 724 1046 apestolus,
747 977 823 1024 non
845 961 903 1024 ssi
926 959 1004 1038 lex,
1028 975 1095 1023 nec
1117 955 1422 1039 praeuaricatic.

286 1064 337 1129 lex
360 1083 433 1148 erge
456 1063 532 1129 fecit
555 1063 674 1148 aliquid
696 1082 757 1130 non
780 1061 889 1128 licere:
919 1078 1008 1127 nam
1038 1059 1421 1142 concupiscentiam,
1445 1080 1460 1121 s

288 1168 391 1249 inquit
413 1167 580 1250 apostolus,
604 1166 843 1243 nesciebam,
867 1165 946 1230 nisi
967 1167 1029 1230 lex
1045 1165 1216 1229 diceret:
1240 1182 1314 1230 non
1338 1181 1422 1228 οοη-

239 1270 480 1352 llcupisces.
512 1272 545 1335 et
567 1268 644 1336 ideo'
658 1289 741 1353 opes,
764 1287 841 1354 quas
865 1271 940 1335 ante
962 1269 1068 1351 legem
1083 1269 1158 1334 deus
1176 1286 1238 1332 ηοη
1254 1269 1420 1350 reprehen-

289 1375 386 1451 derat,
423 1375 513 1441 homo
543 1376 640 1440 libers
669 1375 857 1457 possidebat.
896 1374 930 1438 in
959 1373 1031 1456 lege
1062 1391 1183 1456 quoque
1212 1372 1419 1460 nihilominus
1470 1369 1473 1374 ’

288 1479 397 1560 prope¹
417 1479 500 1543 idem
532 1477 609 1544 iuris
641 1478 784 1543 omnibus
818 1475 1023 1562 suppetebat,
1058 1475 1132 1560 quia
1165 1477 1215 1542 lex
1248 1478 1420 1552 hominem,

289 1579 456 1647 dummodo
476 1581 570 1659 iuste,
593 1581 705 1646 habere
728 1581 808 1662 quod
832 1578 931 1644 uellet
953 1579 1077 1662 penitus
1101 1599 1163 1646 nen
1186 1581 1324 1645 uetabat,
1359 1580 1460 1645 ita-ro
1574 1629 1575 1666 ,

289 1702 347 1767 que
369 1689 445 1749 tunc
467 1703 573 1749 omnes
596 1684 728 1754 omnine¹
745 1681 848 1748 sancti
873 1681 996 1747 cunctis
1019 1681 1224 1747 facultatibus
1244 1683 1309 1746 suis
1333 1681 1424 1747 iuxta
1574 1679 1575 1684 ’

288 1788 496 1871 praescriptos
518 1788 595 1869 legis
618 1788 768 1852 termines
783 1785 965 1864 utebantur,
989 1786 1259 1868 ambulantes,
1282 1790 1319 1851 nt
1341 1787 1420 1869 legi·

288 1909 374 1974 mus,
403 1892 442 1955 in
470 1889 647 1955 omnibus
669 1888 870 1956 mandatis
892 1890 931 1954 et
960 1889 1334 1955 iustificationibus
1358 1889 1423 1954 dei

240 1993 374 2059 18sine
403 1993 574 2076 querela.
612 1993 659 2057 sie
681 1992 789 2074 utique
815 1992 869 2057 illi
888 1994 948 2074 ipsi
971 1992 1222 2074 ambulauarunt,
1247 1992 1423 2076 dequibus

289 2096 352 2161 ista
387 2099 610 2180 memorantur,
648 2096 731 2160 sicut
764 2096 934 2178 prophetes
967 2095 1058 2160 Anna
1094 2095 1127 2160 in
1164 2095 1290 2161 ieiuniis
1327 2097 1460 2178 atquem

290 2198 483 2264 erationibus
510 2199 632 2278 uidens,
661 2200 744 2264 sieut
766 2199 943 2264 Nathanael
973 2200 1038 2276 ille,
1070 2217 1163 2282 quem
1186 2201 1330 2282 legimus,
1353 2200 1423 2265 ueri

290 2302 476 2368 Israhelitae
503 2303 595 2368 laude
621 2301 770 2368 sublimis
793 2304 913 2384 etipse
936 2301 1061 2368 domino
1084 2321 1120 2367 ac
1143 2305 1199 2368 deo
1221 2307 1303 2368 teste
1326 2303 1423 2369 mira-

290 2405 375 2489 bilis,
405 2407 488 2474 sicut
511 2406 615 2484 Tobis,
647 2406 910 2490 magnanimitate
940 2405 1116 2472 deuotionis
1145 2410 1311 2490 praecepta
1339 2407 1420 2492 legis

292 2510 448 2592 excedens,
479 2511 650 2592 sepulturis
680 2510 844 2575 hominum
874 2514 1070 2576 mortuorum
1097 2510 1195 2576 etiam
1217 2529 1289 2576 cum
1311 2513 1422 2578 mortis

291 2612 432 2694 periculo
455 2612 614 2678 seruiebat
636 2615 669 2678 et
691 2613 905 2698 indigentibus
927 2615 1081 2697 usquead
1102 2613 1309 2698 indigentiam
1331 2633 1460 2681 suamne
1576 2689 1577 2710 χ

292 2715 458 2780 consulens
485 2716 518 2782 in
548 2719 682 2780 tantum¹
702 2716 861 2800 largitatis
887 2717 1037 2782 affectum
1060 2716 1199 2795 uenerat,
1222 2720 1259 2781 nt
1283 2735 1423 2783 mercen·

291 2818 379 2883 nario
412 2836 467 2884 suo
497 2820 620 2902 partem
653 2819 807 2886 bonerum
837 2819 978 2885 omnium
1007 2819 1180 2903 deputaret,
1211 2825 1242 2884 et
1265 2820 1332 2902 hoc,
1364 2837 1423 2902 quo

247 2923 251 2928 '
292 2923 394 3004 magis
415 2922 515 3006 possit
535 2923 660 2988 mirum'
675 2941 753 3000 esse,
776 2926 840 2988 iam
864 2925 953 2990 diues
976 2926 1017 3006 et,
1042 2939 1103 3005 quo
1124 2923 1311 3003 mirabilius,
1335 2927 1423 2993 diues

293 3045 329 3090 ex
352 3045 494 3110 paupere,
518 3027 592 3110 quia
611 3025 765 3092 maiorem
788 3026 884 3092 ferme
907 3026 1041 3091 habendi
1064 3028 1201 3092 excitant
1217 3027 1423 3108 cupiditatem

292 3146 366 3212 opes
388 3133 459 3212 pest
484 3129 708 3214 indigentiam·
929 3156 932 3160 ’
1046 3189 1050 3199 ,
1432 3155 1462 3196 ra

243 3254 284 3320 19
336 3249 374 3314 V.
406 3251 497 3316 Tales
527 3269 600 3336 ergo
630 3252 707 3317 tunc
735 3249 838 3315 sancti
866 3251 965 3329 erant,
996 3251 1166 3316 secundum
1194 3250 1296 3332 legem
1319 3251 1425 3316 emnia

293 3351 447 3418 habentes·
478 3355 650 3419 secundum
684 3354 786 3435 legem
820 3353 926 3419 omnia
958 3353 1179 3436 relinquentes.
1216 3373 1252 3420 ae
1280 3354 1326 3420 sic
1355 3373 1423 3438 per·

293 3455 396 3521 fectus
419 3457 480 3522 fuit
502 3461 603 3524 emnia
626 3460 679 3541 qui
701 3458 765 3541 legi
792 3457 906 3540 paruit,
931 3460 1045 3524 ettam
1061 3459 1191 3524 deuotus
1213 3459 1267 3542 qui
1281 3459 1338 3525 sub
1353 3459 1423 3544 lege

293 3561 370 3624 tunc
401 3561 507 3626 minus
540 3560 626 3640 fecit,
659 3566 755 3644 quam
789 3579 871 3628 nunc
899 3561 933 3626 in
956 3561 1120 3654 euangelio
1149 3561 1202 3645 qui
1232 3560 1305 3643 plus
1328 3561 1423 3628 facit:

293 3666 371 3728 tunc
400 3663 484 3729 enim
511 3663 601 3748 quasi
629 3665 827 3750 euangelium
855 3663 1006 3730 leniuit.
1044 3683 1105 3748 quc
1131 3664 1180 3748 fit,
1209 3663 1368 3748 quedqni
1390 3681 1462 3730 scae

396 3851 413 3904 3
430 3851 507 3905 Rem.
524 3851 550 3916 4,
570 3851 603 3905 15
704 3851 817 3906 5R0m.
835 3852 860 3918 7,
879 3852 895 3906 7
999 3851 1032 3906 12
1049 3851 1111 3906 Luc.
1131 3853 1154 3920 1,
1173 3852 1189 3905 6

345 4021 362 4076 2
385 4020 527 4077 facultatis
551 4035 586 4075 aa
604 4024 659 4075 ·tes
677 4037 747 4078 cerr.
765 4039 800 4076 m.
818 4025 839 4077 2
860 4022 889 4076 Β
991 4023 1010 4077 4
1033 3985 1129 4092 inquid
1152 4023 1181 4077 Β
1283 4024 1301 4078 5
1325 4021 1424 4092 aliquit

293 4110 322 4174 4
425 4108 459 4167 10
481 4108 606 4178 paenitus
629 4108 685 4166 ΑΒ
774 4109 823 4167 ,12
843 4108 950 4178 legibus
973 4109 1045 4176 ΒΦ)
1150 4109 1184 4164 14
1206 4109 1342 4178 quaeram
1363 4110 1421 4178 (stc)

294 4214 321 4266 A
424 4213 473 4283 sie]
496 4214 537 4267 ric
558 4213 616 4266 ΒΙ
691 4213 725 4267 16
746 4213 893 4268 natanahel
916 4213 945 4267 Β
1046 4212 1103 4268 neri
1128 4229 1164 4267 aa
1186 4227 1249 4268 nere
1262 4229 1338 4269 corr.
1355 4216 1425 4268 aaa

294 4299 323 4352 Β
425 4301 458 4354 21
485 4299 650 4354 mercenario
677 4299 706 4353 Β
808 4299 843 4354 26
867 4297 968 4369 legam]
989 4299 1023 4354 in
1043 4314 1092 4370 nep.
1111 4299 1200 4358 adscr.
1219 4299 1327 4366 restrae.
1344 4311 1426 4353 euan-

295 4384 396 4453 gelium
418 4385 445 4438 Β
547 4385 581 4440 21
600 4385 646 4454 sic]
665 4384 688 4438 si
706 4384 734 4438 Β
837 4385 873 4439 30
889 4384 925 4454 qd
942 4400 1012 4440 corr.
1030 4398 1062 4440 ex
1078 4401 1099 4456 p
1115 4385 1165 4439 At,
1241 4397 1243 4402 ’
