3134 5098
258 485 299 554 28
746 485 902 540 Saluiani

258 671 398 737 minus:
433 688 499 738 cur
532 669 750 762 cleuamini
783 689 900 756 super
926 671 1113 757 populum
1150 672 1320 742 dominii
1357 676 1388 742 et

259 776 333 859 quid
348 779 419 859 post
434 775 531 842 haee?
552 773 676 860 ignis,
700 775 814 858 iuquit,
838 790 1024 858 agressus
1045 776 1234 866 adomino
1256 781 1387 845 interss

207 877 456 949 adfaciendi
485 879 613 966 uiros,
642 880 708 964 qui
737 879 963 945 offerebant
984 880 1197 948 incensum.
1241 885 1295 950 sed
1318 901 1389 949 cum

259 983 335 1050 haec
361 986 451 1050 tauta
480 983 606 1066 fierent,
636 983 780 1049 caelestis
810 1001 884 1049 cura
912 1000 974 1048 non
1004 983 1132 1065 profuit.
1177 984 1320 1052 adhibita
1341 989 1389 1052 est

260 1085 438 1170 saepissime
461 1086 618 1171 coercitio,
641 1085 696 1152 sad
712 1084 888 1152 emendatio
904 1081 966 1150 non
982 1089 1098 1153 secuta
1120 1087 1201 1154 siout
1223 1088 1388 1169 animnos,
1413 1112 1424 1152 s

261 1191 332 1256 cum
354 1189 551 1272 flagellamur
575 1189 707 1268 assidue,
731 1207 790 1254 non
806 1187 1003 1273 corrigimur,
1025 1190 1071 1255 ita
1093 1191 1124 1254 et
1143 1188 1299 1273 illi-cum
1322 1209 1390 1258 cae·

260 1295 407 1361 darentur
429 1292 624 1375 saepissime,
647 1311 711 1358 non
734 1291 989 1358 emendabantur.
1035 1292 1109 1376 quid
1130 1295 1215 1360 enim
1236 1296 1389 1380 scriptum

259 1399 329 1465 est?
363 1399 627 1484 murmurauit
650 1398 781 1463 autem
803 1397 927 1462 omnis
949 1396 1173 1464 multitudo
1202 1396 1390 1466 filiorum

258 1499 418 1567 Israhel
446 1501 630 1584 sequenti
653 1499 715 1565 die
739 1503 881 1568 contra
902 1499 1063 1584 Moysen
1091 1503 1129 1564 et
1151 1500 1296 1582 Aaron,
1327 1500 1389 1566 di·

260 1621 364 1670 cens:
400 1622 469 1670 uos
507 1603 780 1670 interfecistis
817 1601 1006 1686 populum
1043 1603 1200 1669 domini.
1245 1608 1278 1669 et
1314 1603 1425 1687 quidro

259 1710 389 1792 postea?
410 1726 556 1793 percussa
578 1711 653 1774 sunt
675 1708 785 1772 statim
808 1711 839 1772 et
862 1705 968 1773 diuino
992 1707 1064 1791 igue
1088 1707 1276 1788 consumpta
1297 1709 1389 1790 quat·

209 1809 250 1878 58
260 1810 434 1877 tuordecim
468 1811 558 1878 milia
586 1810 747 1878 hominum
775 1813 807 1874 et
833 1807 1035 1894 septingenti.
1082 1829 1151 1876 cum
1181 1809 1283 1876 omnis
1317 1829 1390 1895 ergo

259 1917 334 1980 tunc
355 1914 464 1998 popuii
486 1916 655 1981 multitudo
678 1912 868 1999 peccauerit,
893 1931 948 1978 cur
971 1930 1033 1978 non
1048 1917 1097 1979 est
1111 1915 1144 1978 in
1160 1913 1303 1978 omnibus
1318 1913 1390 1978 uin-

259 2019 439 2086 dicatum?¹
466 2017 652 2102 praesertim
675 2035 747 2086 cum
770 2036 806 2082 er
827 2017 885 2083 illa
907 2034 1002 2099 quam
1024 2033 1118 2100 supra
1147 2015 1210 2082 dixi
1237 2016 1389 2084 seditione

260 2120 336 2188 (iore
357 2121 465 2188 nuilus
482 2122 625 2188 eraserit.
648 2141 703 2187 cur
717 2121 761 2186 ibi
776 2113 924 2188 cunctum
939 2121 1134 2202 peccantium
1150 2123 1271 2187 coetum
1289 2121 1424 2187 inter-1⁵

259 2225 311 2292 fici
339 2225 415 2291 deus
444 2224 563 2304 uoluit,
597 2224 649 2291 hic
677 2225 896 2291 tantummodo
924 2224 1124 2307 portionem?
1167 2223 1291 2290 scilicet
1306 2224 1390 2309 {quia

259 2331 370 2412 plenus
393 2333 424 2396 et
446 2329 569 2395 iustitia
591 2329 623 2393 et
637 2328 847 2397 misericordia
863 2329 1008 2394 domiuus
1023 2330 1054 2394 et
1069 2328 1182 2411 pietati
1196 2328 1390 2395 suaemulta

262 2435 357 2498 donet
379 2450 435 2515 per
458 2431 687 2517 indulgentiam
710 2437 742 2498 et
766 2423 930 2498 seueritati
954 2451 1011 2514 per
1033 2431 1243 2515 disciplinam.
1267 2435 1299 2498 et
1321 2431 1389 2498 ideo

260 2534 306 2600 ibi
328 2535 490 2619 praestitit
512 2535 709 2618 disciplinae,
732 2538 768 2601 ut
790 2535 954 2620 proficeret
972 2535 1156 2604 cunctorum
1178 2535 1390 2603 emendationi

260 2656 358 2722 poena
381 2638 521 2704 omnium
537 2637 715 2703 noxiorum:
738 2636 790 2703 hic
804 2637 911 2704 autem
934 2629 1163 2704 misericordiae
1178 2656 1253 2706 suae
1266 2637 1425 2720 tribuite

209 2736 251 2804 59
261 2758 299 2806 ne
320 2740 484 2806 uniuersus
506 2740 641 2824 populus
664 2740 829 2824 deperiret.
854 2744 885 2806 et
907 2741 1015 2808 tamen
1038 2758 1108 2807 cum
1130 2745 1196 2808 tarn
1211 2742 1390 2808 misericor·

262 2843 342 2908 diter
374 2844 488 2926 egerit,
519 2843 594 2926 quia
622 2845 655 2910 in
683 2847 773 2928 parte
802 2844 901 2927 plebis
931 2844 1098 2928 castigatio
1120 2837 1234 2911 totiens
1256 2846 1391 2930 repetita

260 2965 322 3020 non
343 2947 477 3030 profuit,
505 2948 544 3012 ad
572 2946 723 3012 ultimum
750 2965 857 3013 omnes
887 2949 988 3013 morte
1019 2948 1199 3016 damnauit:
1232 2966 1311 3033 quae
1338 2967 1389 3015 ree

261 3051 292 3114 et
306 3049 415 3116 timori
430 3053 461 3114 et
476 3049 688 3116 emendationi
702 3043 826 3116 nostrae
840 3050 937 3116 simui
951 3049 1097 3133 proficere
1113 3053 1248 3132 deberet,
1267 3052 1389 3119 scilicet

259 3173 298 3218 ne
321 3153 375 3239 qui
397 3154 524 3220 illorum
548 3154 689 3237 exemplo
711 3153 836 3237 penitus
859 3173 920 3220 nou
943 3155 1143 3239 corrigimur,
1173 3154 1301 3221 illorum
1325 3155 1426 3224 for-sc

260 3259 343 3322 tasse
365 3259 450 3323 exitu
470 3257 648 3340 puniamur.
686 3257 852 3324 nonenim
877 3258 1007 3324 dubium
1030 3261 1093 3337 est,
1123 3257 1200 3342 quid
1223 3260 1329 3326 actum
1351 3259 1389 3326 de

363 3405 476 3498 ruun.
496 3445 538 3511 no,
555 3445 588 3500 as
627 3403 630 3410 ¹
695 3442 808 3499 auum.
829 3445 869 3512 ro,
887 3444 919 3499 41

310 3629 327 3682 3
345 3627 410 3684 CCL
425 3632 453 3683 A
472 3631 510 3700 (et
529 3630 617 3700 Ttr):
636 3630 764 3687 ducentos
782 3631 981 3702 quinquaginta
997 3632 1026 3686 Β
1043 3637 1076 3688 ret
1085 3633 1194 3702 quidem
1206 3633 1320 3689 uidetur

258 3717 276 3771 5
293 3717 334 3770 est
346 3720 436 3788 secuta
453 3715 482 3770 B
572 3717 589 3771 6
608 3715 632 3772 fl.
651 3716 771 3773 asdduae
787 3718 816 3773 A
834 3717 892 3788 (aad
903 3733 920 3772 a
930 3719 981 3774 att.
992 3719 1052 3790 cyil.
1061 3724 1160 3788 punct.
1179 3724 1211 3775 at
1225 3720 1312 3788 paulo
1324 3723 1389 3776 arete

259 3807 286 3858 et
300 3802 386 3870 parc
400 3807 466 3872 poet
483 3803 662 3873 saepissimae)
685 3803 791 3859 assidue
802 3793 970 3875 flagellamur
987 3804 1015 3859 B
1114 3805 1146 3860 11
1163 3804 1287 3861 iustitiae
1299 3810 1327 3862 et
1337 3807 1389 3861 mi·

259 3887 415 3944 sericordiae
433 3889 461 3943 A
472 3889 516 3956 cf.
534 3905 605 3960 qaae
623 3889 657 3945 de
673 3885 807 3947 adiectini
822 3892 920 3962 plenus
938 3890 1018 3962 apud
1036 3889 1205 3948 &damnum
1221 3908 1276 3949 aaa
1293 3891 1388 3963 dapa-

258 3977 379 4032 animas
396 3977 428 4032 iro
445 3971 656 4033 Sita-Bertattc
669 3984 763 4048 p.11,·
790 3977 919 4048 eacamlta
936 3979 975 4034 aba·
992 3980 1125 4050 congestis
1135 3981 1191 4034 iam
1202 3979 1290 4036 addae
1307 3981 1390 4036 cerem

260 4061 362 4118 11117
380 4063 407 4132 (9
424 4063 489 4128 32).-
514 4064 605 4119 totum
628 4065 818 4136 iniquitataiae
840 4065 948 4135 plenum
966 4067 1020 4132 ese,
1048 4065 1139 4134 Epist.
1159 4065 1241 4120 IIII
1255 4071 1290 4121 1.·
1314 4067 1389 4137 pleni

260 4147 324 4201 estis
343 4149 449 4205 scindis
463 4149 677 4218 ..pignoribus
746 4149 945 4219 benedictiorem
964 4151 1082 4221 deaque
1100 4149 1147 4206 Ao
1164 4149 1268 4208 Ecetra
1284 4151 1344 4207 III
1353 4155 1388 4208 1⁶

260 4236 289 4300 (d
304 4235 367 4300 72).-
394 4235 455 4304 pius
479 4235 582 4292 scilicet
599 4251 629 4290 ac
645 4236 833 4294 misericordia
854 4238 966 4307 plenus,
992 4238 1042 4308 gai
1062 4238 1137 4293 berre
1160 4243 1388 4309 macerarere
1513 4301 1519 4324 Ι

259 4319 390 4375 conuenit
485 4322 597 4391 pietatis
612 4338 643 4377 rr
672 4325 783 4394 pietatis
798 4324 855 4379 AB
948 4326 981 4380 18
998 4325 1137 4380 seueritati
1158 4326 1231 4382 Τίνι
1259 4325 1389 4382 seuerteti
1458 4392 1462 4398 ,

261 4404 288 4460 Β
314 4405 457 4462 seueritate
473 4408 502 4462 A
518 4408 582 4464 cdd.
600 4425 620 4464 a.
640 4409 657 4463 l.
675 4427 711 4466 m.
730 4426 783 4466 rec.
801 4411 882 4479 punit
985 4411 1018 4466 25
1037 4412 1160 4482 poenitus
1178 4412 1206 4466 A
1388 4417 1392 4423 ’
