3134 5098
310 499 354 566 50
789 493 942 549 Sslnieni

303 705 388 768 mus,
417 685 454 750 nt
485 702 547 750 non
574 683 711 750 suffioist·
738 681 845 764 nobis,
876 683 959 765 quod
987 682 1172 749 aduersariis
1195 681 1311 748 nestris
1333 680 1430 748 etiem

249 787 438 860 muninime
456 789 722 854 vestimentorum
737 787 917 852 nostrorum
938 790 1027 869 purte
1043 804 1105 853 non
1121 786 1271 868 dedimus,
1294 786 1356 852 nisi
1376 786 1430 865 eis,

304 895 457 975 qnantum
479 891 512 958 in
535 892 627 959 nobis
650 896 708 977 est,
732 892 761 957 si
782 911 831 957 res
847 891 942 971 sinet,
966 891 1078 957 eunote
1099 892 1266 977 sepiamus.
1289 891 1431 972 iungitur

304 999 410 1060 sutem
437 991 600 1081 proeoepto
632 995 707 1061 huie
734 1015 792 1080 pur
821 996 855 1061 et
884 994 1048 1060 consimile
1074 996 1275 1072 mandem,
1303 1012 1364 1077 quo
1386 993 1432 1060 uit

303 1099 463 1165 deminuet
492 1101 561 1181 qui
583 1099 833 1181 percusserit
854 1098 894 1163 te
915 1097 958 1162 in
980 1098 1183 1163 dexterum
1210 1097 1464 1178 maxillam,s

303 1203 453 1286 praebe.
476 1203 513 1267 ei
541 1203 579 1266 et
610 1200 788 1268 ultorem.
834 1203 963 1285 quantoe
983 1203 1131 1283 putemus
1161 1219 1243 1280 esse,
1271 1202 1325 1282 qui
1346 1199 1431 1266 dioto

302 1305 377 1370 hnic
397 1304 452 1369 uel
473 1323 564 1370 sures
587 1305 728 1370 modeste
750 1304 932 1389 proebeant,
956 1304 1007 1369 nel
1025 1308 1120 1382 uerte,
1142 1303 1267 1369 etiamsi
1281 1302 1314 1368 id
1329 1302 1431 1368 federe

303 1408 460 1486 uidentur,
484 1406 597 1473 unimis
618 1407 846 1490 udquiesount?
873 1409 930 1473 eut
951 1409 1063 1491 quotus
1085 1407 1218 1491 quisque
1239 1410 1304 1487 eet,
1327 1405 1431 1489 quisi

303 1529 402 1576 unum
424 1511 523 1576 istum
546 1510 718 1596 anseperto,
747 1529 809 1576 non
832 1511 949 1577 multos
975 1529 1030 1593 pro
1051 1529 1114 1577 uno
1136 1511 1270 1576 reddet?
1305 1511 1430 1576 tentum

305 1614 344 1680 ab
366 1614 422 1682 illo
444 1616 534 1681 abest
555 1614 592 1680 nt
607 1615 753 1681 caedenti
766 1614 927 1680 mandem
941 1615 1098 1698 praebeat,
1122 1616 1157 1680 nt
1172 1618 1242 1679 tum
1256 1632 1290 1678 ee
1304 1613 1430 1679 uincere
1439 1636 1463 1676 no

305 1721 404 1804 putet,
427 1737 490 1785 nun
505 1720 628 1802 quando
643 1717 858 1785 aduersarium
873 1719 1050 1801 uapulsndo
1066 1719 1121 1784 sed
1136 1717 1258 1801 quando
1274 1716 1429 1782 caedendo

248 1823 507 1904 essuperauerit.
558 1841 656 1906 qnae
690 1821 834 1904 uultis,
869 1822 973 1906 inquit
1004 1824 1161 1902 saluatur,
1196 1825 1238 1886 nt
1275 1820 1430 1886 fodiunt

302 1925 417 1992 uobis
438 1924 637 2010 homines,
660 1927 790 1991 eadem
813 1926 852 1991 et
868 1944 937 1990 nos
960 1924 1084 1992 fosite
1112 1925 1200 1990 illis
1222 1922 1429 1991 similiter.

303 2027 396 2094 huius
418 2030 592 2096 sententiae
614 2030 737 2113 purtem
751 2032 818 2094 tum
832 2029 911 2095 bene
927 2028 1080 2110 nouimus,
1104 2032 1141 2094 nt
1155 2046 1327 2110 numquam
1340 2045 1430 2110 pree·

304 2132 483 2211 teneamus,
506 2133 630 2213 partem
653 2135 700 2198 sie
721 2133 1017 2214 praetermittimus,
1045 2134 1135 2215 qussi
1162 2133 1286 2214 penitus
1308 2130 1463 2200 neseis-u

302 2252 385 2300 mus.
399 2253 472 2300 uum
486 2234 563 2318 quid
578 2235 618 2300 sb
635 2235 706 2301 eliis
721 2234 875 2317 praestari
886 2235 974 2301 nobis
992 2235 1127 2299 uelimus
1141 2237 1257 2316 optime
1274 2234 1429 2316 nouimus,

303 2337 378 2420 quid
407 2343 515 2403 sutem
543 2338 605 2422 ipsi
637 2337 711 2404 eliis
746 2338 911 2404 debeamus
943 2339 1101 2420 proestare
1134 2337 1298 2402 noscimus,
1336 2339 1430 2420 atque

302 2440 427 2506 utinum
447 2443 652 2508 nesciremus!
681 2441 784 2508 minor
811 2445 893 2507 esset
915 2439 1108 2524 ignorantiae
1129 2441 1235 2505 restus
1258 2443 1431 2507 seeundum

301 2544 399 2610 iliud:
423 2545 490 2628 qui
512 2547 645 2612 nescit
664 2546 917 2612 uoluntatem
939 2543 1092 2610 domini
1114 2545 1195 2625 eui,
1218 2542 1431 2625 nepulubit

302 2649 456 2729 psueie:
479 2649 544 2732 qui
568 2652 697 2716 sutem
717 2649 799 2716 soit
821 2651 860 2715 et
881 2667 953 2714 non
972 2647 1072 2738 fauit
1095 2667 1191 2727 enm,
1214 2645 1464 2728 uspulsbitso

301 2751 451 2818 multis.
496 2771 579 2818 nuno
611 2755 719 2820 eutem
740 2753 800 2818 hoo
827 2753 928 2818 muior
955 2752 1070 2818 offenso
1098 2752 1162 2828 est,
1196 2750 1278 2834 quod
1305 2752 1431 2833 purtem
1546 2745 1547 2836 t

302 2855 478 2922 sententiae
505 2875 611 2924 suetae
638 2873 694 2940 pro
722 2856 954 2922 dommodornm
984 2856 1161 2922 nostrorum
1191 2855 1331 2920 utilitate
1353 2853 1429 2920 dili-
1546 2841 1547 2850 ἶ

249 2957 417 3046 suumne,
440 2961 564 3042 purtem
586 2977 641 3044 pro
663 2960 714 3025 dei
735 2958 851 3025 iniuria
872 2958 1089 3044 praeterimus.
1119 2958 1287 3042 exaggerat
1308 2976 1430 3042 quoque

302 3060 361 3127 hoo
388 3062 438 3128 dei
460 3063 604 3130 uerbum
633 3061 735 3130 offioio
763 3062 1001 3146 praedicationis
1028 3080 1103 3128 suus
1129 3061 1289 3144 spostolus
1311 3061 1430 3127 Paulus
1546 3101 1547 3122 t

302 3165 425 3232 diosus:
446 3185 558 3234 nemo
580 3168 681 3250 qnod
703 3185 820 3234 suum
848 3167 908 3234 est
930 3168 1098 3249 quaeret
1120 3166 1187 3232 sed
1209 3167 1307 3248 quod
1330 3164 1465 3230 olto-ss

303 3269 395 3335 rius.
440 3271 626 3338 etiterum:
657 3288 858 3353 nonquee
893 3272 1096 3348 sedeunt,
1129 3267 1248 3352 inquit,
1280 3267 1431 3350 singuli

304 3373 533 3455 cogitantes
556 3374 624 3438 sed
646 3394 689 3442 ee
716 3391 814 3457 qnae
836 3375 1014 3439 eliorum.
1059 3371 1148 3437 uides
1176 3390 1272 3456 quem
1291 3370 1431 3438 fideliter

303 3476 505 3559 praeseptum
521 3475 639 3542 Christi
653 3477 748 3541 fuerit
771 3479 951 3542 exsecutus:
974 3475 1039 3555 ubi,
1064 3493 1136 3541 eum
1151 3474 1290 3541 saluatur
1311 3475 1357 3540 eie
1372 3492 1430 3540 nos

402 3693 536 3748 snauh.
554 3695 625 3763 sse
694 3695 728 3752 12
745 3695 843 3751 neten.
863 3697 887 3764 u,
901 3696 935 3753 12
1003 3698 1037 3752 1e
1054 3695 1117 3751 nuo.
1132 3696 1219 3764 124⁷
1287 3697 1323 3752 25
1339 3695 1428 3751 1001.

294 3780 342 3866 ιιο,
359 3779 395 3835 24
482 3781 516 3835 oo
534 3781 605 3836 emi.
622 3781 685 3846 ne

350 3989 425 4042 does
440 3987 751 4058 minima-partem?
842 3990 1012 4060 dospiumus
1030 3989 1058 4045 Β
1149 3989 1314 4045 dmsndeto
1331 3989 1359 4044 Β

298 4081 516 4138 lensenses
539 4082 647 4138 sedente
669 4085 873 4141 ΛΜΗ
970 4091 1035 4156 post
1059 4085 1186 4154 proebeet
1211 4086 1239 4141 A
1264 4081 1433 4142 021.qu
1546 4093 1547 4124 ¹

297 4175 385 4230 uitem
475 4176 550 4248 tum]
566 4176 631 4230 dnm
647 4177 676 4233 A
771 4178 805 4234 16
823 4180 942 4250 prestere
959 4179 1017 4246 (sod
1034 4179 1283 4248 studuimus.)
1299 4179 1433 4236 neelimns

298 4261 327 4316 A
429 4263 463 4318 18
485 4261 574 4318 minor
590 4266 659 4318 esset
677 4279 713 4320 eo>
728 4265 844 4322 minores
862 4267 905 4321 set
919 4267 949 4321 A
965 4281 1034 4322 oues.
1052 4269 1126 4323 Μ
1229 4265 1324 4321 imo
1340 4279 1434 4335 uspu-

298 4345 369 4402 lobio
387 4363 421 4403 eu
436 4348 580 4418 nepnlsuit
596 4349 838 4408 Abisooru.m.2
923 4351 1059 4408 diinhoo
1070 4353 1159 4406 maior
1173 4351 1201 4406 B
1287 4351 1321 4407 22
1339 4367 1435 4410 sesne

298 4433 480 4490 oou.Bm.1
581 4434 923 4494 25nemoentos.1
1023 4436 1242 4494 uouentem
