3178 5100
462 469 499 524 de
518 469 648 538 gubern.
667 467 721 522 dei
740 466 795 522 VII
814 470 829 530 β
848 465 992 521 104-108.
1231 468 1290 532 191

164 658 260 724 statui
282 676 354 742 spes
376 661 489 741 potest,
513 658 637 740 quando
660 657 807 732 eastioros
831 675 867 722 ae
889 658 1026 740 puriores
1049 655 1174 722 barbari
1196 675 1290 739 quam

164 763 296 828 Romani
325 765 421 828 eunte
454 779 566 845 parum
597 764 646 826 ost
676 760 757 842 qnod
788 759 935 824 dicimus:
966 777 1045 842 quae
1074 759 1174 842 nobis,
1206 775 1289 842 rogo,

164 866 236 930 anto
270 866 363 930 deum
397 866 451 931 eut
484 864 568 931 uitae
597 882 663 929 esse
692 865 747 928 aut
781 864 889 928 ueniae
921 881 989 945 spos
1022 864 1134 946 potest,
1168 863 1290 945 quando

165 968 342 1034 castitatem
374 969 408 1034 in
439 967 580 1034 barbarie
619 966 777 1032 cernimus
814 968 846 1030 et
878 984 934 1030 neo
972 965 1017 1030 sio
1050 964 1127 1030 easti
1161 967 1291 1030 sumus?

146 1070 389 1150 remiseremus,
418 1088 541 1153 quaeso,
571 1071 603 1136 ot
626 1070 861 1136 confundamur.
896 1069 959 1132 iam
983 1070 1064 1151 apud
1089 1066 1207 1132 Gothos
1230 1067 1289 1132 im·
1388 1089 1399 1144 χ

164 1172 269 1254 pudiei
291 1191 353 1239 non
375 1174 448 1239 sunt
463 1175 523 1240 nisi
538 1174 681 1250 Romani,
704 1173 768 1240 iem
784 1172 866 1256 apud
881 1169 1051 1236 Wandalos
1067 1188 1124 1235 nee
1138 1169 1290 1236 Romani:
1393 1165 1414 1268 ’.ξ
1524 1206 1527 1212 ·

163 1279 288 1342 tantum
311 1278 391 1358 apud
414 1277 485 1344 illos
507 1277 637 1359 profecit
660 1277 801 1343 studium
818 1275 1031 1351 castimoniae,
1054 1275 1179 1339 tantum
1202 1291 1292 1338 seus-

164 1378 239 1444 ritas
261 1378 454 1462 disciplinas,
477 1399 540 1446 non
562 1380 664 1445 solum
687 1383 766 1463 quod
789 1379 850 1461 ipsi
873 1379 951 1444 oasti
973 1380 1054 1459 sunt,
1080 1377 1143 1456 sod,
1167 1377 1203 1441 ut
1225 1395 1289 1442 rom

163 1483 304 1548 dieamus
333 1501 457 1563 nonam,
488 1501 556 1550 rem
583 1483 809 1561 incredibilem,
840 1501 908 1546 rem
929 1499 1026 1564 paene
1048 1479 1145 1546 etiam
1166 1480 1290 1546 inandi-

132 1585 240 1663 ntam,
275 1587 378 1653 eastos
412 1587 509 1656 otiam
540 1587 695 1656 Romanos
729 1604 797 1652 esse
826 1584 977 1651 facerunt.
1012 1585 1038 1648 si
1067 1583 1237 1650 infirmitas
1259 1584 1293 1667 iet
1303 1595 1363 1660 108

164 1689 301 1754 hnmana
328 1691 495 1772 pateretur,
528 1691 702 1758 exolamare
730 1709 822 1773 super
851 1689 934 1757 uiros
964 1706 1050 1754 meas
1078 1705 1231 1768 euperem,
1255 1688 1292 1751 ut

164 1793 231 1856 toto
263 1792 336 1857 orbe
369 1811 562 1862 resonarem:
600 1794 717 1877 pudeat
751 1809 824 1865 uos,
860 1791 992 1858 Romani
1025 1791 1152 1871 ubique.
1173 1790 1292 1873 populi,

165 1895 280 1977 pudeat
303 1896 388 1962 uitae
409 1898 541 1964 nestrae.
577 1895 683 1961 nullae
698 1913 795 1979 paene
811 1893 905 1960 urbes
919 1893 1029 1959 lustris
1045 1893 1151 1958 nullae
1166 1893 1290 1976 omnino

165 1997 401 2081 impuritatibus
424 2003 545 2079 norant,
570 1998 631 2064 nisi
652 1998 728 2064 illae
750 1999 886 2076 tantum,
909 1999 942 2062 in
957 1995 1069 2079 quibus
1084 1995 1210 2062 barbari
1226 2015 1292 2062 esse

134 2124 157 2164 15
167 2105 342 2190 ooopernrrt.
377 2105 409 2167 et
431 2103 584 2168 miramur
607 2101 635 2168 si
656 2101 765 2166 miseri
787 2100 841 2183 qui
863 2102 931 2165 tam
952 2099 1068 2182 impuri
1091 2118 1209 2180 sumus,
1232 2089 1292 2164 mi·

166 2221 271 2269 ramur
293 2205 321 2271 si
343 2205 382 2270 ab
405 2205 495 2272 hoste
516 2204 637 2270 uiribus
659 2204 817 2269 uincimur
835 2205 889 2286 qni
911 2203 1074 2269 honestate
1096 2222 1291 2286 superamur,

166 2309 316 2372 miramur
338 2309 366 2374 si
389 2311 470 2378 bona
491 2310 597 2374 nostra
617 2307 775 2391 possident
789 2309 843 2390 qui
866 2307 951 2382 mela
969 2309 1078 2372 nostre
1100 2310 1291 2389 exserantur.

166 2427 221 2474 nee
242 2410 313 2476 illos
336 2411 480 2478 naturale
496 2411 591 2480 robur
606 2429 769 2495 corporum
785 2410 861 2478 facit
876 2411 1002 2476 uincere
1016 2427 1072 2475 rreo
1087 2427 1143 2474 nos
1158 2411 1291 2477 naturas

167 2511 332 2580 infirmitas
369 2514 464 2581 uinoi.
509 2533 600 2581 nemo
637 2514 698 2580 sibi
737 2513 824 2578 alind
855 2513 1042 2597 persuadeat
1078 2531 1167 2580 nemo
1204 2513 1290 2580 aliud

134 2614 353 2682 marbitrotur:
377 2617 444 2684 sole
465 2637 521 2686 nos
542 2637 666 2684 morum
690 2618 867 2682 nostrorum
889 2618 971 2683 uitia
992 2616 1145 2684 uieernnt.

213 2909 378 2962 teastatem
396 2923 418 2964 a.
435 2924 487 2964 sor.
505 2913 568 2963 naz
585 2909 609 2962 ti
627 2910 654 2963 A
752 2907 892 2976 7p1·0fioit
910 2909 938 2961 A
1035 2907 1134 2962 8snnt
1152 2910 1192 2976 A,
1219 2909 1292 2980 quod

163 2992 307 3048 Halmium
331 2993 413 3064 feroit,
440 2995 489 3064 qui
514 2995 585 3048 idon
608 2995 649 3050 ait
671 2996 703 3048 s'o
721 2993 787 3048 ador.
807 2996 867 3051 erit.
895 2995 968 3062 ‘fort
987 2995 1071 3063 sunt’;
1099 2995 1156 3049 sint
1172 2995 1214 3059 B;
1241 3011 1292 3050 nos

162 3079 249 3149 isitres
266 3081 331 3133 sunt
348 3080 507 3149 recepimus,
528 3082 692 3149 praesertim
709 3095 770 3135 cam
786 3085 920 3150 aequatur
934 3081 1055 3135 fecerunt
1073 3087 1107 3147 et,
1131 3082 1292 3150 animmque

163 3164 240 3232 opud
258 3163 336 3219 Soloe.
354 3165 395 3219 ita
412 3165 482 3234 (sio),
498 3167 570 3234 qnod
583 3181 638 3234 pro
656 3167 697 3220 ita
714 3169 782 3234 (sio),
800 3166 1185 3222 remansissemus
1202 3183 1289 3235 oppo-

162 3256 228 3316 reat,
247 3250 380 3306 aio115.
398 3249 520 3308 111114.
541 3251 625 3308 Vsa.
649 3253 712 3308 VH
724 3255 829 3308 89.96.
847 3252 886 3306 od
904 3252 980 3308 Eece.
998 3253 1034 3308 Π
1046 3255 1124 3308 8.19
1215 3256 1247 3306 nt
1264 3255 1293 3308 A

162 3349 181 3388 o.
199 3336 217 3390 l.
238 3337 313 3390 Μ)
416 3335 449 3390 12
473 3351 522 3390 nos
539 3342 571 3392 at
587 3338 682 3392 atatim
699 3339 807 3392 nostrae
823 3339 850 3390 A
955 3337 988 3392 13
1011 3339 1090 3392 urbes
1114 3353 1148 3402 ere
1171 3337 1247 3394 urbis
1264 3341 1293 3394 A

163 3436 232 3476 corr.
255 3423 329 3476 Μ
433 3423 466 3478 14
492 3423 534 3478 illi
561 3423 589 3478 A
694 3425 726 3478 15
750 3424 944 3492 impurissimos
967 3425 1015 3480 aed
1038 3426 1086 3480 ott.
1111 3443 1123 3479 s
1147 3431 1240 3496 pemot
1266 3432 1292 3481 et

162 3522 245 3576 asper
262 3522 277 3561 o
295 3523 348 3562 eor.
367 3523 384 3562 o
401 3525 436 3564 m.
454 3511 475 3563 2
491 3510 526 3576 A,
554 3509 655 3578 impuri
679 3526 772 3564 sumus
797 3511 835 3570 Br
863 3511 962 3581 impuri
980 3511 1064 3566 simus
1083 3511 1221 3579 Halmius,
1245 3515 1293 3582 qut

158 3597 307 3661 propterea
330 3594 362 3648 ior
379 3609 448 3664 seqq.
471 3593 552 3649 adda
578 3595 651 3662 ‘fort
678 3600 839 3664 superemnr'
862 3602 888 3651 ot
910 3595 1019 3652 adicere
1042 3595 1153 3652 detebm
1179 3599 1213 3652 ‘et
1236 3613 1293 3652 exo·

161 3679 276 3733 crentnr'
396 3681 431 3735 20
453 3687 522 3750 post·
544 3681 666 3736 uicerunt
692 3683 723 3736 io
749 3683 777 3736 A
802 3683 966 3753 aubsmiptio
994 3689 1049 3739 eet:
1078 3698 1208 3738 nxrnrorn
1235 3688 1289 3739 arn.

161 3770 416 3821 snnnrsros.1rori².
441 3770 495 3822 aiis.
520 3781 642 3823 oorsros
665 3783 737 3822 naen
759 3783 913 3824 nsmorrna
1031 3793 1033 3800 ·
