3134 5098
488 477 526 530 de
544 476 681 545 gubern.
701 475 755 530 dei
775 476 789 529 I
808 478 823 540 ξ
843 473 952 530 15-20.
1245 475 1282 536 ll

158 685 336 752 possumus,
367 667 448 751 qnod
476 671 552 734 tuno
580 671 636 734 deo
666 666 799 732 maxime
822 683 914 732 ouras
941 667 1029 730 erant
1059 682 1129 730 eum
1152 662 1284 745 prodeo

158 771 219 836 ista
240 774 431 853 paterentur.
477 773 510 835 at
533 770 663 836 forsitan
686 770 744 836 hoo
772 769 839 851 ipso
863 769 964 854 magis
991 769 1120 851 probare
1142 771 1174 831 te
1197 765 1283 844 dieis,

157 874 237 956 quod
266 877 342 942 dens
371 874 405 939 in
433 874 555 940 saooulo
584 874 645 939 isto
674 875 778 939 omnia
806 871 953 958 neglegat
987 873 1018 937 et
1047 871 1154 936 tuturo
1183 872 1284 934 totum

155 977 269 1044 iudicio
299 981 452 1058 reeernet,
482 977 555 1060 quia
578 995 701 1060 semper
722 978 753 1041 et
775 975 848 1041 boni
874 974 979 1041 omnia
1000 976 1083 1040 mela
1104 974 1189 1056 passi
1211 978 1284 1040 sunt

136 1084 187 1148 set
202 1083 342 1149 iecerunt
359 1084 445 1150 meli.
469 1102 530 1149 non
546 1084 681 1150 infidelis
697 1084 823 1166 quidem
842 1081 965 1146 uidetur
979 1077 1125 1154 adsertio,
1149 1077 1284 1142 maxime

156 1185 229 1268 quia
252 1186 394 1252 futurum
417 1187 466 1254 dei
489 1188 641 1254 iuditium
664 1187 837 1253 eonfitetur.
861 1184 916 1250 sed
938 1202 993 1249 nos
1016 1183 1060 1248 ita
1082 1181 1284 1246 iudicandum
1297 1178 1335 1243 18

155 1288 328 1355 humanum
343 1309 440 1373 genus
456 1311 474 1357 a
489 1289 614 1357 christo
631 1290 774 1374 dicimus,
800 1293 834 1353 ut
850 1290 956 1354 tamen
970 1287 1066 1352 etlam
1082 1301 1164 1350 nune
1176 1285 1283 1349 omnia

156 1391 258 1470 deum,
282 1395 376 1476 prout
397 1393 583 1460 rationabile
606 1397 708 1476 putat,
732 1411 838 1475 regere
854 1411 891 1458 ae
909 1391 1086 1474 dispensare
1110 1389 1282 1465 prodamus,

157 1498 187 1561 et
214 1496 260 1560 ita
291 1496 326 1561 in
356 1495 462 1562 futuro
491 1497 702 1562 iudicaturum
727 1496 943 1573 adfirmamus,
973 1494 1010 1559 ut
1033 1496 1139 1558 tamen
1162 1509 1283 1572 semper

123 1599 252 1665 roetiam
276 1600 310 1664 in
337 1599 395 1665 hoo
417 1599 542 1665 saeoulo
566 1601 714 1666 iudicasse
742 1600 920 1664 dooeemus.
955 1598 1029 1664 dum
1056 1596 1140 1662 enim
1162 1613 1284 1677 semper

157 1701 312 1787 gubernat
327 1702 412 1782 dene,
428 1722 549 1785 semper
566 1705 597 1767 et
613 1702 742 1782 indicat,
760 1701 834 1785 quia
849 1700 1032 1784 gubernatio
1047 1700 1115 1784 ipsa
1133 1699 1283 1764 iudieinm

155 1809 211 1870 oet.
232 1810 309 1887 quot
324 1806 424 1872 modis
442 1805 499 1871 hoo
514 1806 562 1871 uis
578 1805 769 1888 probemus?
785 1805 904 1871 ratione
919 1823 960 1871 an
975 1804 1122 1885 exemplis
1137 1821 1176 1868 an
1192 1803 1282 1868 testi-
1297 1801 1335 1866 19

154 1908 290 1974 moniis?
313 1912 340 1974 si
362 1910 490 1988 ratione,
515 1907 585 1992 quis
608 1913 674 1975 tam
696 1927 802 1992 expers
817 1908 971 1974 humanae
987 1905 1219 1989 intellegentiae
1236 1907 1283 1970 est

155 2014 186 2078 et
213 2012 307 2078 huius
337 2013 435 2096 ipsius
465 2015 501 2079 de
532 2031 594 2096 qua
615 2012 774 2096 loquimur
805 2012 950 2078 ueritatis
980 2011 1115 2091 alienus,
1147 2010 1283 2092 quinon

123 2120 304 2200 magnosoat
321 2133 357 2181 ao
372 2115 477 2182 uideat
493 2115 739 2200 pulcherrimum
755 2117 865 2182 mundi
881 2135 956 2198 opus
974 2119 1006 2180 et
1020 2115 1282 2183 inaestimabilem

154 2236 361 2301 supernarum
390 2217 643 2302 infernarumque
674 2239 779 2285 rerum
811 2218 1076 2304 magnificentiam
1106 2221 1143 2286 ab
1175 2218 1282 2285 eodem

153 2322 217 2405 regi
248 2340 267 2387 a
297 2340 357 2404 quo
391 2323 496 2388 ereata
530 2322 581 2404 sit,
617 2339 769 2405 quemquo
803 2324 1029 2389 elementorum
1063 2323 1281 2388 fabrioatorem

153 2425 288 2489 eundem
322 2423 417 2490 etiam
451 2426 693 2510 gubernatorem
726 2425 807 2506 fora
847 2429 899 2509 qui
927 2429 1040 2492 ennete
1070 2425 1189 2490 soilioet
1221 2443 1283 2507 qua

153 2528 309 2611 potestate
333 2545 369 2594 ao
384 2529 548 2595 maiestate
572 2529 755 2610 condiderit,
779 2531 885 2595 eadem
908 2532 1003 2596 etiam
1027 2527 1281 2610 prouidentiaao

121 2631 275 2697 roratione
298 2631 484 2710 moderetur,
507 2631 694 2716 praesertim
717 2651 787 2698 eum
810 2631 956 2698 etiamin
970 2632 1020 2697 his
1044 2649 1122 2714 quae
1145 2631 1282 2696 humano

154 2735 226 2800 aetu
249 2733 510 2800 administrantur
538 2735 618 2800 nihil
646 2736 770 2818 penitus
794 2737 860 2802 eine
882 2737 1001 2802 ratione
1024 2734 1191 2814 consistat,
1215 2753 1282 2799 om-

154 2836 267 2918 niaque
289 2839 335 2903 ita
357 2857 376 2902 a
397 2837 593 2919 prouidentia
615 2837 868 2906 ineolumitatem
890 2839 980 2922 quasi
995 2857 1104 2922 eorpus
1120 2838 1159 2906 ab
1177 2839 1282 2904 anime

154 2940 255 3004 uitam
283 2940 426 3017 trahant;
455 2939 586 3023 ideoque
614 2941 647 3006 in
670 2943 729 3008 hoo
752 2943 867 3008 mundo
890 2961 950 3008 non
973 2942 1073 3008 solum
1097 2942 1229 3025 imperia
1252 2946 1282 3006 et

152 3043 327 3123 prouinciae
351 3063 450 3126 neque
473 3063 539 3110 rem
563 3044 690 3111 oiuilem
706 3064 742 3111 ae
757 3046 941 3128 militarem,
965 3046 1019 3110 sed
1043 3046 1140 3112 etiam
1160 3045 1281 3111 minora

120 3143 258 3211 rroffioia
272 3151 304 3212 et
319 3146 459 3229 priuatas
483 3147 600 3230 domos,
623 3150 758 3233 peoudes
776 3151 909 3232 denique
924 3149 1007 3232 ipsas
1023 3152 1054 3215 et
1070 3149 1281 3214 minutissima

153 3265 294 3330 quaeque
327 3249 569 3316 domesticarum
604 3252 814 3318 animantium
841 3270 955 3335 genera
977 3270 1037 3318 non
1060 3253 1121 3318 nisi
1143 3252 1282 3318 hnmana

152 3349 346 3417 ordinatione
369 3355 462 3435 atque
486 3353 615 3421 oonsilio
639 3357 728 3438 qnasi
751 3359 885 3438 quadam
908 3374 1003 3422 manu
1019 3357 1050 3420 et
1072 3355 1281 3438 gubernaculo

153 3453 315 3519 eontineri.
361 3459 392 3521 et
424 3457 502 3522 haee
534 3458 639 3523 omnia
672 3460 738 3524 sine
773 3457 866 3524 dubio
900 3460 1063 3524 uoluntate
1097 3476 1135 3524 ae
1167 3459 1282 3524 iuditio

152 3557 269 3622 summi
302 3559 367 3623 dei:
402 3559 525 3626 seilieet
552 3565 588 3626 ut
617 3580 651 3627 eo
681 3562 820 3643 exemplo
853 3578 943 3626 omne
976 3560 1148 3628 humanum
1182 3565 1335 3647 genue20

118 3659 324 3742 repartioulas
346 3681 450 3728 rerum
474 3665 506 3728 et
528 3665 670 3731 membra
692 3665 824 3749 regeret,
848 3684 907 3749 quo
923 3665 988 3750 ipse
1011 3683 1168 3732 summam
1184 3666 1243 3729 toti

202 3900 357 3956 lmaxime
381 3901 428 3958 deo
449 3903 477 3957 A
499 3905 546 3958 sed
563 3905 651 3975 sipoto
668 3906 888 3974 treaapoettr'om'e
904 3905 1097 3962 m.1oddttie
1199 3906 1281 3961 2hoo

150 3983 177 4037 Β
195 3983 260 4039 aad.
279 3991 353 4042 nat
455 3990 472 4044 4
495 3991 640 4046 reseruarit
663 3992 691 4045 Β
795 3991 812 4048 9
833 3991 1002 4046 adfirmemus
1022 3997 1090 4062 (reon
1107 3993 1280 4059 affirmemus)

150 4071 176 4124 Β
271 4075 300 4128 11
321 4074 506 4130 estiudioium
526 4077 553 4131 Β
646 4078 945 4147 12quodetAetB
965 4087 1027 4136 bel
1118 4081 1228 4135 hoeuis
1247 4097 1282 4137 ee

148 4156 231 4212 huius
249 4159 277 4212 A
294 4175 363 4215 eorr.
381 4177 415 4216 aa
433 4177 486 4218 ree.
514 4161 594 4217 huius
620 4162 663 4217 nis
691 4164 719 4219 Β
742 4166 814 4232 (item
831 4182 861 4231 v,
886 4166 934 4221 sed
951 4169 983 4222 tn
999 4184 1047 4238 mg.
1067 4166 1115 4221 hoe
1133 4168 1282 4238 adempsit

149 4243 346 4313 Braeeieaaus)
452 4248 484 4303 21
508 4250 664 4318 omniaqnae
681 4252 708 4305 A
725 4257 794 4306 m.1
896 4253 930 4307 22
947 4270 963 4306 a
980 4269 1030 4307 om.
1049 4257 1074 4307 A
1159 4257 1280 4311 ‚incolo-

149 4328 274 4384 mitatem
287 4331 314 4384 Β
402 4333 584 4403 aeideqme
667 4335 700 4388 at
713 4336 899 4404 prouintiisA
985 4340 1077 4409 neque]
1091 4343 1211 4410 atqneB

150 4413 183 4467 26
201 4414 320 4470 hnmana
337 4433 358 4471 e.
377 4434 428 4474 eor.
447 4436 480 4473 m.
500 4435 552 4477 ree.
573 4420 665 4476 diuina
682 4423 710 4474 A
813 4423 847 4478 29
865 4438 949 4491 genus
966 4423 1115 4480 humanum
1134 4427 1162 4481 B
