3134 5098
378 1415 380 1420 Ι
504 1255 916 1370 1111111111
977 1351 984 1358 .

220 1495 291 1593 DE
325 1493 753 1595 ovssuaunuloull
784 1492 879 1593 nul
910 1493 1057 1593 LIBRI
1089 1486 1217 1591 lull?

637 1741 790 1750 ...μ-...μ-

573 1927 859 2012 PRAEFATIO.

196 2133 309 2212 Sancto
333 2134 473 2216 episcopo
498 2135 623 2202 Salonio
645 2135 812 2202 Saluianus
835 2137 969 2200 salutem
991 2137 1025 2201 in
1046 2138 1183 2206 domino.
1293 2141 1309 2203 1

131 2278 144 2318 s
196 2253 312 2320 Omnes
335 2255 501 2320 admodum
528 2257 683 2336 homines,
714 2258 768 2340 qui
794 2257 951 2342 pertinere
974 2259 1014 2323 ad
1036 2259 1165 2323 humani
1188 2257 1282 2324 oflicii

154 2357 309 2422 culturam
333 2359 565 2437 existimarunt,
596 2364 632 2424 ut
655 2360 778 2442 aliquod
801 2361 983 2444 linguarum
1006 2379 1082 2442 opus
1105 2361 1209 2426 studio
1232 2362 1282 2426 in·

154 2463 316 2544 geniorum
346 2463 548 2541 excuderent,
578 2463 612 2528 id
635 2463 765 2544 speciali
797 2481 869 2528 cura
900 2463 1100 2529 elaborarunt
1130 2465 1183 2544 ut,
1215 2465 1281 2529 siue

155 2565 250 2630 utiles
273 2583 323 2630 res
339 2585 375 2631 ac
390 2569 499 2652 probas
522 2568 588 2632 siue
611 2569 740 2634 inutiles
762 2572 855 2650 atque
869 2566 1027 2651 improbas
1044 2567 1118 2632 stilo
1133 2571 1281 2646 texerent,

155 2669 265 2734 seriem
295 2669 421 2734 tantum
451 2690 553 2736 rerum
585 2673 686 2737 nitore
709 2673 874 2737 uerborum
897 2671 1100 2763 inlustrarent
1123 2671 1284 2754 causisque

123 2771 233 2854 reipsis
265 2791 340 2856 quas
371 2775 456 2856 loqui
484 2773 605 2840 uellent
626 2775 780 2857 loquendo
804 2777 906 2840 lucem
929 2775 1142 2840 accenderent.
1179 2775 1285 2857 itaque

158 2875 198 2939 ad
221 2875 304 2960 hanc
322 2893 355 2940 se
384 2877 505 2996 partem
536 2897 572 2942 ex
602 2881 734 2960 utroque
765 2896 876 2961 genere
908 2878 1086 2944 litterarum
1118 2879 1285 2962 scriptores

158 2981 367 3046 mundialium
396 2984 592 3064 negotiorum
621 2982 748 3064 plurimi
780 2983 995 3065 contulerunt,
1026 2999 1088 3046 non
1112 2982 1190 3048 satis
1213 2999 1286 3047 con-

159 3085 347 3163 adorantes,
371 3102 464 3167 quam
487 3085 699 3168 probabilibus
723 3086 863 3151 materiis
884 3105 917 3151 se
939 3087 1172 3170 impenderent,
1196 3086 1287 3150 dum-

212 3324 292 3378 1-4
318 3324 349 3378 In
372 3325 423 3378 hoc
449 3325 535 3380 codice
562 3327 732 3380 continentur
757 3325 844 3382 sancti
867 3327 988 3380 Saluiani
1012 3326 1127 3394 episcopi
1151 3325 1214 3378 libri
1240 3341 1289 3378 nu-

160 3426 232 3465 mero
256 3413 315 3465 octo
340 3410 397 3465 dati
421 3411 454 3466 ad
478 3413 600 3466 sanctum
618 3411 755 3466 Salonium
780 3413 939 3482 episcopum.
970 3412 1009 3466 Dc
1028 3410 1220 3482 gubernatione
1238 3410 1291 3464 dei.

161 3496 262 3564 Incipit
289 3497 357 3552 liber
386 3497 487 3567 primus
518 3500 611 3553 sancto
639 3499 758 3568 episcopo
789 3500 831 3566 (in
856 3515 944 3568 neap.
972 3497 1079 3552 Salonio
1106 3495 1173 3550 adal.
1200 3513 1235 3552 nr.
1260 3499 1290 3562 2)

162 3583 304 3638 Saluianus
323 3583 351 3636 in
370 3583 476 3639 domino
494 3586 631 3654 episeopus
649 3585 770 3640 salutem.
798 3585 894 3640 Omnes
912 3583 1056 3640 admodum
1075 3589 1123 3640 cto.
1142 3584 1182 3648 B;
1206 3599 1290 3652 prac-

162 3677 239 3725 terea
264 3671 296 3724 in
322 3671 413 3726 coelen
439 3671 496 3726 cocl
526 3671 634 3728 adiecta
660 3679 725 3728 canc
750 3673 831 3728 laec.-
865 3673 903 3726 De
932 3673 1005 3727 iuste
1035 3671 1078 3726 dei
1106 3671 1293 3740 praesentique

164 3756 264 3813 indicio
291 3757 425 3828 incipiunt
451 3758 555 3828 dialogi
582 3760 748 3828 disputantis
767 3762 844 3828 (noce
862 3759 1027 3828 disputantis
1045 3775 1066 3813 a.
1085 3759 1104 3814 l.
1122 3757 1214 3827 aalcl.);
1243 3755 1292 3810 aad

163 3845 274 3914 eipnnrn
297 3844 435 3914 quoddam
452 3862 487 3899 m.
505 3848 525 3899 2
548 3845 689 3916 adpictaan
710 3847 777 3902 laec
799 3847 887 3900 narba
900 3852 966 3916 poet
980 3843 1187 3914 praefationem
1205 3843 1293 3897 locam

164 3945 246 3983 annno
268 3930 366 3984 labere
388 3929 508 3998 indicat,
531 3933 578 3986 ali
601 3931 694 3987 eaden
712 3933 795 3986 etiarn
811 3933 844 3986 in
861 3933 889 3986 A
906 3932 1042 4002 laqueatas.
1075 3929 1200 3984 Ceteram
1217 3929 1249 3982 in
1265 3929 1294 3982 A

166 4015 240 4071 dccet
258 4017 405 4086 inscriptio
422 4019 513 4086 aperis
531 4023 557 4073 et
569 4017 714 4086 praefatio
731 4035 817 4088 aeqnc
835 4017 873 4072 ad
890 4019 992 4072 narba:
1019 4015 1066 4070 Sin
1086 4017 1176 4069 autem
1194 4013 1222 4066 id
1241 4028 1294 4068 non

167 4104 326 4172 prouenerit.
354 4105 399 4160 Dc
423 4105 487 4160 aliia
509 4106 737 4176 nuntiationibus
755 4107 844 4175 eieqac
861 4103 1037 4172 interpolatis
1055 4101 1090 4166 cf.
1110 4114 1180 4168 qnae
1198 4099 1294 4168 diepa-

167 4193 290 4246 taninns
318 4192 349 4245 in
379 4191 667 4262 &rannac-Baricha
694 4191 743 4246 dar
769 4193 795 4251 la.
823 4190 914 4246 Alcaei.
941 4190 967 4246 cl.
998 4189 1080 4244 Wisc.
1116 4187 1198 4242 Wicn
1225 4190 1295 4240 1881

166 4293 194 4345 p.
213 4282 301 4335 dn7
405 4281 421 4332 6
439 4279 604 4346 linguarum]
625 4278 762 4346 singulare
780 4279 849 4333 cani.
868 4277 950 4332 Nolle
967 4275 999 4328 in
1016 4272 1132 4327 Zeiteclr.
1150 4272 1173 4336 f.
1194 4271 1238 4326 Oe.
1261 4270 1295 4326 G.

168 4368 238 4419 1879
251 4381 282 4434 p.
295 4369 364 4434 618,·
383 4365 429 4420 aad
447 4365 482 4432 cs.
504 4364 567 4420 VII
573 4369 621 4419 16:
650 4366 807 4434 linguarum
826 4363 967 4434 gymnasia
985 4361 1028 4414 uel
1046 4374 1150 4412 morum
1170 4362 1196 4412 et
1215 4357 1295 4413 Sita.-

169 4449 233 4504 Bcr.
248 4457 319 4519 p&
422 4451 438 4505 9
460 4454 571 4506 tantum
589 4467 656 4505 erae.
675 4452 706 4505 in
722 4452 750 4505 Β
1304 4471 1307 4477 ·

220 4555 298 4614 VIIl.
1177 4549 1192 4600 1
