3134 5098
243 441 313 498 VIII

244 629 428 706 censendo
454 628 700 704 adhibitorum
719 639 755 703 et
772 627 835 702 uia
861 629 900 702 in
926 627 1191 705 constituendis
1213 624 1376 703 Saluiani

243 750 368 826 uerbis
395 775 419 823 a
446 773 506 823 me
531 748 623 823 inita
649 759 887 823 monstretur.

294 903 414 1004 Igitur
440 929 533 1003 quos
561 901 713 978 adhibui

354 1042 400 1121 in
426 1039 575 1115 libris
602 1039 692 1114 VIII
720 1038 774 1114 de
800 1037 1161 1138 gubernatione
1188 1036 1265 1113 dei

242 1181 388 1258 codices
413 1179 453 1252 hi
480 1188 584 1253 sunt:

280 1319 315 1393 A
344 1351 391 1385 =
420 1317 535 1392 codex
569 1313 803 1400 Corbeiensis
836 1340 937 1404 nunc
968 1312 1155 1393 Parisinus
1182 1341 1218 1389 n.
1250 1314 1374 1388 13385

344 1462 438 1512 saec.
457 1434 503 1527 X,
532 1434 698 1510 omnium
727 1402 1179 1534 quotquot-innoluerunt
1206 1431 1376 1508 codicum

345 1569 381 1632 et
398 1555 675 1655 antiquissimus
694 1566 730 1630 et
749 1554 921 1654 optimus.
945 1553 1025 1654 ipse
1044 1564 1127 1654 post
1145 1552 1375 1628 Halmium

344 1676 495 1753 contuli.
544 1675 759 1750 nitidissime
793 1675 915 1774 prima
950 1699 1063 1748 manu
1099 1685 1270 1748 exaratus
1298 1699 1375 1748 sex-

345 1797 459 1873 centis
485 1796 577 1871 locis
605 1795 748 1894 antiqui
769 1822 817 1868 ne
835 1795 956 1870 dicam
974 1794 1140 1894 aequalis
1160 1795 1375 1908 correctoris

260 1959 264 1966 ·
344 1943 452 1994 curas
480 1928 650 2016 expertus
670 1927 725 1990 est
744 1911 868 1989 dedita
891 1941 1005 2014 opera
1023 1926 1059 1990 et
1085 1913 1375 1990 fructuosissime

293 2079 296 2084 ,
343 2039 398 2112 in·
423 2063 468 2112 eo
509 2036 658 2135 negotio
702 2035 860 2124 uersati3
908 2033 1082 2110 uidelicet
1123 2035 1224 2109 haud
1259 2055 1376 2136 pauca

242 2204 252 2250 ¹.
344 2155 435 2232 olim
467 2154 701 2231 aberratione
735 2153 931 2230 oculorum
966 2153 1102 2229 omissa
1137 2154 1173 2228 in
1198 2155 1375 2254 margine

241 2317 244 2320 ·
343 2276 486 2370 adiecit,
515 2273 698 2374 permulta
721 2299 817 2373 quae
843 2273 964 2374 prima
990 2273 1135 2348 manus
1152 2273 1283 2375 utpote
1307 2272 1374 2352 liri·

244 2425 260 2466 .·
342 2423 441 2496 guas
466 2395 602 2471 latinae
629 2421 677 2469 ne
697 2395 937 2470 mediocriter
956 2393 1372 2492 quidenna-uidetur

267 2577 270 2584 α
293 2517 298 2528 ’
341 2518 461 2618 perita
487 2515 621 2592 litteris
637 2515 730 2589 falso
752 2513 961 2608 distribntis
978 2515 1032 2610 (in
1051 2515 1257 2618 archetypo
1277 2517 1373 2590 enim

251 2663 255 2668 ·
344 2636 512 2736 singulae
537 2661 661 2712 uocem
676 2635 795 2734 spatio
822 2635 920 2710 inter
939 2661 994 2710 se·
1007 2637 1129 2712 uacuo
1147 2637 1310 2713 caruisse
1327 2637 1376 2710 ‘in

264 2799 291 2815 η
314 2793 318 2822 e
342 2767 471 2858 aperto
516 2755 585 2858 est)
634 2755 825 2855 produxit·
855 2759 945 2830 uera
989 2760 1125 2831 uocum
1176 2757 1376 2835 latinarum

343 2886 511 2955 monstra
543 2877 710 2970 remouit,
746 2876 1032 2975 interpungendi
1069 2877 1252 2952 rationem
1284 2876 1375 2952 scite

303 3097 308 3104 ἱ
344 2995 512 3078 correxit.
552 2995 682 3070 tertiae
716 2995 874 3093 denique
908 3021 1041 3069 manus
1069 2996 1222 3095 eiusque
1248 3022 1375 3093 recen·

343 3115 507 3192 tissimac
533 3116 849 3218 temptaminibus,
879 3115 1102 3228 paucissima
1124 3117 1155 3192 si
1173 3119 1371 3250 exceperis,

257 3251 260 3258 '
341 3223 600 3312 infelicissimis
629 3248 671 3311 ut
698 3248 917 3356 apparatum
937 3237 1106 3343 criticum
1132 3241 1326 3316 onerarem
1352 3242 1375 3356 'a

245 3365 247 3376 '
343 3359 403 3432 n'rc
429 3357 616 3467 inpetrare
643 3385 725 3438 non
746 3358 872 3457 pctui3
910 3358 1095 3464 secundae
1122 3386 1213 3469 uero
1241 3343 1375 3477 αιαααέ

344 3478 404 3580 (m.
424 3477 463 3580 2)
492 3479 615 3590 uarias
629 3462 779 3598 script
755 3505 840 3560 uras
866 3465 1024 3570 feret
968 3507 1007 3553 1n
1008 3491 1131 3582 teg1as
1158 3453 1370 3559 adnotaui

246 3588 390 3720 'Bf
343 3647 390 3659 ···
382 3593 528 3728 codex
538 3583 813 3702 Bruxellensis
819 3645 855 3712 p.
879 3621 1002 3692 10628
1031 3645 1126 3706 saec.
1140 3587 1241 3710 XIII
1265 3646 1376 3720 quern

344 3760 429 3810 cum
454 3714 499 3809 ut
524 3725 606 3843 ipse
625 3719 835 3812 excuterem
853 3765 930 3812 non
949 3764 1017 3814 oon
1021 3737 1189 3848 tingeret,
1165 3740 1254 3813 tid
1274 3737 1377 3840 quod

244 3957 247 3966 y
343 3855 504 3968 primum
544 3856 796 3976 uehementer
823 3851 908 3933 dein
941 3859 1072 3936 minus
1108 3859 1292 3952 dolebam,
1328 3861 1373 3957 Ο

270 3960 517 4100 Keller,
555 3966 616 4051 uir
647 3976 739 4095 mihi
765 3969 1051 4092 amicissimus,
1047 3982 1253 4066 occasione
1276 3982 1376 4094 forte

286 4059 502 4171 oblata
492 4096 651 4196 mspexit
664 4057 744 4173 sed
769 4125 846 4174 non
871 4099 1059 4199 integrum
1087 4101 1251 4212 contulit,
1287 4102 1374 4202 quia

342 4241 418 4289 non
436 4216 567 4353 ‘potuit
593 4243 671 4291 non
698 4217 770 4294 sibi
797 4220 1089 4346 persuaderet)
1120 4222 1374 4342 Foltzium‚

312 4335 413 4433 qui
433 4336 472 4410 in
501 4335 543 4414 O.
572 4335 751 4456 Halmii
782 4339 895 4450 usum
920 4338 1099 4443 {eiusdem
1124 4321 1272 4454 codicis
1289 4369 1375 4420 con.-
