3178 5100
13 573 15 686 l

13 773 15 866 l

504 522 543 575 ad
560 521 740 576 ecelesiam
764 521 794 576 II
814 525 830 586 ξ
848 521 960 576 33-39.
1235 521 1297 588 257

210 710 316 778 VllII.
348 711 497 794 Superest
515 711 553 776 de
567 710 723 776 ministris
739 713 771 776 et
788 710 1001 778 sacerdotibus
1018 713 1169 793 quiddam
1184 713 1296 792 disere,
1306 713 1346 780 37

166 816 243 880 lieet
272 814 425 896 superflue
454 814 533 878 forte
563 813 669 896 aliqua
698 815 849 879 dieantur.
886 815 1035 898 quidquid
1058 816 1143 880 enim
1166 817 1203 881 de
1225 815 1297 882 aliis

167 918 313 984 omuibus
335 917 455 983 dietum
478 921 535 995 est,
559 918 660 1001 magis
683 918 797 1000 absque
822 918 915 983 dubio
938 919 977 982 ad
1001 936 1051 982 ees
1074 919 1219 1003 pertinet,
1243 920 1298 1003 qui

167 1022 307 1103 exemplo
337 1039 404 1086 esse
435 1022 576 1086 omnibus
607 1022 720 1086 debent
743 1026 775 1085 et
797 1039 873 1103 ques
897 1020 1004 1104 utique
1031 1025 1119 1087 tanto
1143 1023 1297 1088 antistare

145 1126 279 1193 sestaria
307 1126 429 1207 eportet
457 1125 621 1189 deuotione
644 1126 759 1207 quanto
783 1124 938 1189 antistant
960 1126 1107 1191 omnibus
1128 1124 1296 1208 dignitate.

167 1231 241 1312 quid
270 1231 317 1294 est
345 1229 430 1294 enim
457 1228 544 1294 aliud
573 1227 770 1311 principatus
799 1229 865 1292 sine
894 1229 1080 1294 meritorum
1101 1229 1296 1295 sublimitate

167 1333 227 1396 nisi
249 1333 373 1397 honoris
396 1331 510 1396 titulus
532 1331 600 1396 sina
624 1332 757 1410 nomine,
783 1335 838 1396 aut
862 1330 937 1414 quid
962 1335 1009 1396 est
1032 1331 1169 1416 dignitas
1192 1333 1225 1398 in
1246 1333 1297 1398 in·

166 1437 260 1518 digno
290 1435 352 1500 nisi
382 1437 598 1500 nmamentum
627 1436 661 1500 in
692 1435 782 1500 luto?
819 1437 851 1499 et
877 1435 945 1501 ideo
969 1440 1106 1514 cunetas,
1142 1437 1196 1519 qui
1217 1438 1298 1502 saeui

167 1540 277 1605 altaris
310 1544 462 1622 suggestu
495 1538 649 1618 eminent,
684 1539 810 1602 tantum
846 1538 997 1603 excellere
1031 1539 1152 1620 oportet
1186 1541 1298 1605 merite

131 1644 319 1725 inquantum
341 1643 450 1724 gradu
487 1641 515 1705 si
540 1641 624 1705 euim
647 1638 725 1704 uiris
748 1641 782 1704 in
804 1640 895 1722 plebe
917 1641 1029 1721 positis
1052 1644 1083 1707 et
1106 1642 1298 1709 mulierculis
1308 1643 1350 1710 38

167 1746 235 1827 ipso
257 1764 332 1810 seru
352 1745 573 1810 infirmioribus
601 1744 697 1810 talem
721 1763 757 1809 aa
783 1745 1047 1836 temperieetam
1068 1749 1145 1811 deus
1169 1748 1298 1816 uiuendi

167 1851 309 1933 regulam
338 1850 433 1927 dedit,
461 1852 578 1931 quante
607 1851 714 1931 utique
741 1867 808 1914 esse
837 1849 908 1914 illos
937 1849 1137 1932 perfectiores
1161 1851 1300 1927 iubete

168 1953 280 2035 quitus
311 1971 417 2018 ornnes
439 1952 568 2018 docendi
592 1957 675 2028 sunt,
708 1956 744 2017 ut
766 1953 887 2034 possint
910 1969 978 2016 esse
1000 1953 1142 2034 porreeti,
1166 1955 1200 2018 et
1222 1973 1299 2039 qnos

168 2058 236 2122 tam
265 2057 373 2139 magni
400 2073 468 2120 esse
496 2057 631 2138 exempli
658 2057 692 2120 in
714 2056 859 2121 omnibus
883 2056 959 2120 deus
982 2056 1094 2136 uoluit,
1124 2057 1234 2123 utens
1258 2058 1298 2122 ad

130 2161 358 2244 nasingularem
392 2158 519 2225 uiuendi
552 2177 693 2224 normam
729 2177 790 2224 nen
824 2175 923 2223 nouae
957 2159 1083 2224 tautum
1116 2159 1170 2224 sed
1202 2160 1298 2225 etiam

166 2264 315 2346 antiquae
346 2263 424 2344 legis
453 2263 621 2327 seueritate
648 2261 900 2344 constringeret?
935 2281 1008 2326 nam
1038 2263 1113 2327 lieet
1136 2263 1298 2328 decretum

165 2369 260 2430 uetus
282 2366 405 2448 largam
427 2367 546 2430 eunetis
569 2364 819 2447 ampliandarum
842 2382 936 2447 opum
955 2365 1077 2430 dederit
1100 2366 1296 2445 fatuitatem,

165 2487 274 2536 omnes
311 2473 416 2536 tamen
453 2468 564 2533 leuitas
601 2472 633 2532 et
670 2467 843 2533 saeerdotes
881 2463 967 2533 intra
1004 2472 1125 2534 eertum
1161 2470 1297 2536 habendi

165 2573 305 2638 limitem
328 2571 493 2650 quartarii,
524 2589 601 2653 ques
624 2570 748 2636 seilieet
768 2591 868 2655 neque
890 2574 1028 2656 segetem
1051 2591 1149 2655 neque
1173 2573 1297 2640 uineam

128 2695 267 2759 seneque
301 2675 402 2742 ullum
435 2677 560 2740 omnine
595 2674 728 2740 fundum
761 2675 876 2741 habere
908 2676 1062 2759 permisit.
1101 2695 1138 2741 ex
1163 2695 1223 2761 que
1246 2678 1296 2741 in·
1308 2685 1351 2751 39

165 2780 277 2863 tellegi
307 2782 418 2861 petest,
452 2796 492 2842 an
514 2795 550 2841 ea
572 2796 655 2843 nune
676 2779 751 2842 deus
773 2779 879 2843 noster
902 2779 981 2842 uelit
1004 2779 1038 2844 in
1060 2781 1224 2862 euangelio
1246 2781 1296 2845 ui·

165 2885 276 2950 nentes
299 2883 429 2948 aleriens
452 2898 523 2945 sues
546 2881 712 2946 mundanis
734 2887 804 2962 pest
826 2901 860 2947 se
884 2882 1049 2948 heredibus
1072 2883 1297 2965 derelinquere,

166 3005 248 3068 quae
271 2986 374 3051 adhue
401 2987 434 3049 in
457 2986 525 3069 lega
547 2984 664 3066 positos
686 3004 726 3048 ne
748 2986 831 3068 ipsos
854 2985 983 3069 quidem
1005 2986 1107 3051 uoluit
1129 2989 1297 3068 possidere.

165 3091 249 3154 unde
280 3091 329 3156 est
358 3089 439 3171 quod
467 3087 512 3152 eis
542 3088 680 3153 saluater
709 3088 777 3170 ipse
803 3090 836 3153 in
859 3089 1020 3170 euangelio
1043 3108 1104 3154 nun
1126 3093 1162 3153 nt
1184 3091 1296 3154 esteris

123 3219 154 3258 ee
166 3192 383 3258 uoluntarium
417 3194 471 3258 sed
508 3193 731 3279 imperatiuum
765 3192 904 3257 officium
940 3192 1140 3273 perfeetionis
1174 3192 1295 3258 indieit.

166 3296 244 3380 qnid
266 3297 351 3362 enirn
375 3315 447 3360 eum
468 3295 547 3362 laiee
570 3297 618 3361 illi
640 3295 833 3360 adnleseenti
855 3295 970 3360 dixisse
993 3294 1152 3377 legimns?
1181 3297 1213 3360 si
1237 3296 1298 3361 nis

164 3418 253 3466 esse
276 3399 495 3483 perfectae,
518 3399 644 3464 nenda
666 3417 762 3482 quae
784 3399 901 3464 habes
925 3398 1022 3464 etda
1045 3400 1299 3482 pauperibus:

163 3505 243 3586 quid
266 3504 372 3569 autem
395 3504 548 3568 ministris
572 3503 662 3568 suis?
693 3501 840 3580 nolite,
864 3502 981 3584 inquit,
1005 3501 1211 3585 possidere
1234 3523 1297 3567 au-

160 3625 249 3671 rum
279 3625 400 3688 neque
431 3609 642 3689 argentum
665 3625 787 3688 neque
809 3606 1021 3687 pecuniam
1043 3605 1082 3670 in
1104 3606 1212 3671 aenis
1235 3625 1298 3671 ue·

271 3787 305 3841 26
323 3787 422 3843 Matth.
441 3789 481 3852 19,
499 3787 534 3841 21
637 3787 787 3842 senerah.
807 3789 849 3856 10,
868 3788 885 3842 9

219 3952 237 4006 4
262 3953 326 4005 ante
353 3955 425 4006 stare
450 3951 506 4005 AB
532 3951 580 4006 sed
605 3954 700 4008 statim
727 3953 862 4006 antistant
886 3954 913 4006 A
943 3955 1083 4007 antestant
1106 3969 1140 4007 ea
1162 3953 1298 4006 antistant

155 4052 236 4094 corr.
254 4054 288 4091 m.
302 4041 322 4091 2
338 4038 366 4091 B
454 4039 471 4092 5
485 4043 549 4106 post
568 4038 703 4106 dignitate
721 4037 785 4092 add.
800 4055 822 4107 p
840 4045 866 4092 et
884 4038 944 4092 edd.
963 4039 1203 4093 natalitiarium:
1227 4037 1297 4090 nihil

155 4129 210 4181 est
233 4125 304 4178 anim
326 4125 433 4192 turpius
457 4139 536 4192 quam
562 4123 734 4178 expellentem
756 4141 813 4178 esse
831 4124 981 4192 quemlibet
999 4124 1116 4178 eulmine
1134 4127 1161 4176 et
1179 4123 1298 4191 despica-

153 4211 249 4268 bilem
273 4211 382 4265 nilitate
485 4210 500 4263 7
527 4209 633 4263 nomine
656 4211 755 4277 sert'psa'
777 4227 838 4264 eum
860 4210 1005 4265 Hartele'o:
1032 4210 1139 4263 homine
1162 4210 1217 4263 AB
1225 4209 1297 4264 Hal·

151 4298 240 4354 metes
340 4298 371 4349 11
391 4296 449 4364 ipse
466 4295 538 4364 sexu]
557 4297 616 4364 ipsa
633 4295 705 4349 fasee
723 4301 796 4362 (eam
813 4297 839 4360 b)
858 4295 899 4350 ed.
918 4296 1056 4350 Battiadae
1154 4295 1186 4350 21
1206 4297 1298 4350 noster

145 4403 194 4458 p:
227 4397 280 4436 nen
304 4383 332 4436 A
357 4397 411 4435 non
434 4387 602 4450 eapwnetam
625 4382 653 4435 B
676 4383 795 4450 (omnim
812 4381 885 4436 deest
902 4383 933 4435 ia
951 4382 977 4448 b)
1082 4382 1116 4435 26
1138 4383 1298 4437 aduliscenti

151 4474 190 4528 A
298 4469 333 4523 27
349 4468 431 4522 habes
450 4485 483 4523 en
500 4468 577 4523 habis
596 4484 667 4524 cerr.
685 4485 720 4522 m.
739 4471 759 4522 2
777 4469 804 4522 A
907 4467 1054 4536 namquid
1073 4468 1100 4521 B

224 4572 303 4627 VIII.
1162 4574 1194 4628 17
