3134 5098
483 515 520 572 de
537 515 672 587 gubern.
690 513 745 571 dei
762 515 777 570 1
795 518 810 580 i
828 515 939 572 35-40.
1234 516 1274 587 19

148 705 289 788 puniam.
327 717 401 770 uum
423 719 495 788 ergo
517 703 580 768 ista
601 703 746 780 dixisset,
768 705 844 787 qnid
866 708 1068 772 oonseoutnm
1089 709 1161 774 esti
1196 707 1323 775 mit-38

147 811 262 874 tuntu'r'
294 808 399 892 angeli
431 805 607 886 Sodomam,
641 806 879 889 prouoieoomur
911 807 1086 892 introeunt,
1120 809 1272 876 bonorum

146 911 295 978 donentur
318 911 419 976 offioio
440 910 595 975 malornm
617 912 769 976 derantur
790 908 920 994 iniuris3
954 913 1118 978 onerantur
1137 913 1273 998 improbi

146 1015 312 1080 selua-ntur
333 1011 430 1097 probi.
469 1011 549 1076 Loth
570 1028 643 1077 oum
664 1011 829 1078 edentibus
850 1012 911 1094 piis
928 1012 1007 1080 urbe
1027 1015 1176 1097 educitur,
1199 1017 1273 1082 urbs

123 1131 221 1184 eoum
235 1115 465 1183 habitatoribus
479 1115 587 1198 impiis
601 1119 825 1182 bonorumetnr.
842 1115 999 1200 interrogo
1015 1117 1076 1199 hie,
1091 1121 1273 1186 utrumnum

146 1221 227 1285 dens
248 1237 285 1284 er
312 1217 427 1285 iudieio
454 1220 554 1284 malos
576 1233 617 1285 en
643 1219 712 1285 sine
733 1218 850 1286 iudieio
872 1219 1100 1287 concremarit?
1132 1224 1273 1306 quisine

145 1323 264 1389 iudieio
287 1321 461 1389 sodomites
486 1321 612 1405 punitos
633 1339 651 1386 a
673 1322 730 1387 deo
751 1321 845 1400 dioit‚¹
872 1323 1015 1407 iniquum
1038 1325 1131 1390 deum
1153 1327 1271 1410 arguit:

144 1428 175 1492 si
205 1429 312 1494 eutem
346 1445 417 1490 oum
449 1425 563 1492 iudioio
595 1425 696 1490 malos
729 1425 884 1509 perdidit,
921 1427 1082 1505 indiomit.
1119 1427 1272 1495 iudicauit

144 1530 258 1612 ntique
281 1531 312 1594 et
334 1529 460 1611 quidem
482 1527 547 1593 ium
568 1527 658 1610 quasi
679 1526 838 1594 adinstar
860 1525 959 1593 futuri
981 1527 1089 1594 iudioii
1110 1529 1271 1611 iudieanit,

105 1649 221 1698 1ooum
255 1631 337 1697 enim
359 1632 399 1698 ad
427 1629 615 1714 supplitium
646 1629 803 1698 mulorum
834 1629 1011 1716 gebennam
1037 1631 1072 1698 in
1094 1633 1200 1699 futuro
1221 1653 1272 1700 ar·

143 1753 256 1800 suram
287 1751 352 1800 esse
385 1734 587 1800 manifestum
618 1734 675 1813 sit,
708 1733 873 1799 Sodomam
902 1738 1008 1800 autem
1039 1739 1071 1801 et
1100 1735 1220 1802 uieinas
1243 1737 1272 1803 ei

142 1837 243 1904 urbes
265 1836 410 1904 eoelestis
432 1836 561 1903 flemma
582 1841 817 1921 eonsumpserit
843 1837 877 1902 in
897 1841 1178 1921 praesentientem
1192 1841 1272 1908 illud
1281 1843 1323 1910 39

143 1941 231 2025 quod
253 1941 395 2007 mturare
415 1943 463 2006 est
478 1941 554 2006 deus
568 1940 671 2007 uoluit
685 1940 843 2006 deelerere
857 1940 1020 2022 indusium,
1043 1943 1167 2026 quando
1181 1962 1272 2028 super

142 2043 281 2127 impium
295 2043 446 2128 populum
460 2043 635 2127 gehennam
650 2043 739 2108 misit
753 2056 769 2108 e
785 2044 880 2121 eaelo,
904 2045 987 2112 siout
1002 2047 1097 2112 etiam
1113 2047 1272 2129 apostolus

107 2148 244 2228 mdioit,
272 2149 355 2230 qnod
382 2145 456 2212 deus
485 2147 628 2214 ciuitates
657 2146 823 2214 Sodomam
850 2150 883 2214 et
905 2147 1088 2214 Gomorram
1116 2150 1273 2216 euersione

143 2252 307 2316 damnant
335 2250 510 2334 exemplum
531 2268 648 2333 ponens
669 2249 766 2333 impie
788 2251 915 2330 arturis,
947 2253 1091 2334 quemuis
1113 2252 1146 2318 id
1167 2255 1277 2337 ipsum.

143 2358 231 2438 quod
252 2357 296 2422 ibi
317 2356 423 2421 aetum
446 2357 495 2419 est
516 2354 587 2438 plns
616 2353 759 2419 habuerit
787 2353 1014 2420 miseridordiae
1040 2372 1134 2439 quem
1156 2358 1272 2422 seueri·

142 2460 233 2524 tntis.
277 2459 358 2541 quod
391 2459 475 2523 enim
506 2473 638 2540 poenam
674 2459 740 2522 tem
773 2455 826 2521 din
863 2455 1004 2542 distulit,
1040 2459 1270 2526 miseridordiae

141 2561 220 2645 fuit,
248 2561 396 2640 iustitiae,
428 2560 509 2644 quod
538 2559 703 2642 aliquunde
731 2561 868 2643 puninit.
903 2565 934 2626 et
956 2561 1026 2627 ideo
1048 2579 1121 2626 oum
1143 2563 1270 2645 angelos

104 2664 313 2731 mundonem
337 2665 411 2730 deus
434 2663 585 2743 mitteret,
609 2662 769 2762 hoqnobis
791 2664 920 2748 probare
937 2664 1047 2739 uoluit,
1071 2664 1271 2746 quodetiam

141 2770 247 2834 malos
278 2768 403 2851 puniret
435 2767 573 2833 inuitusr
607 2767 728 2832 soiliuet
760 2768 811 2846 ut',
846 2785 916 2833 enm
944 2769 1117 2851 legeremus
1145 2785 1271 2852 quasa

142 2871 314 2936 Sodomitis
336 2870 443 2954 angeli
463 2869 668 2954 pertulissent
695 2871 728 2935 et
750 2871 927 2936 uideremus
949 2870 1101 2937 scelerum
1124 2873 1269 2939 immani·

140 2972 249 3039 tatem
279 2974 446 3040 eriminum
478 2973 705 3058 turpitudinem
738 2971 907 3040 libidinum
934 2973 1168 3057 obscenitatem,
1198 2979 1288 3060 pro·'

140 3078 234 3144 beret
254 3079 360 3162 utique
384 3077 473 3144 nobis
495 3080 584 3156 deus,
616 3077 698 3161 quod
719 3076 787 3158 ipse
810 3095 861 3142 eos
883 3076 1020 3143 noluerit
1041 3081 1184 3159 perdere,
1216 3081 1269 3146 sed

103 3179 207 3262 seipsi
229 3180 475 3246 extorserintut
497 3181 642 3263 perirent.

188 3299 294 3366 VIIII.
318 3301 449 3366 Possum
471 3303 633 3366 innumere
655 3300 801 3384 proferre,
824 3301 880 3366 sed
902 3318 1020 3379 uereor,
1042 3319 1080 3366 ne
1101 3301 1177 3366 dnm
1191 3302 1321 3369 satis40

139 3423 211 3469 rem
233 3405 365 3488 probare
387 3403 529 3485 nitimur,
553 3404 718 3470 historiam
740 3405 875 3470 texuisse
896 3404 1072 3470 uideamur·
1091 3404 1212 3487 Moyses
1234 3404 1268 3470 in

248 3593 261 3646 1
281 3593 348 3647 Gen.
366 3593 400 3646 19
501 3589 580 3646 1511
597 3591 655 3650 Pet.
674 3592 698 3659 2,
716 3592 733 3646 6
835 3591 869 3646 27
886 3591 967 3646 lixod.
986 3592 1003 3646 3

194 3759 213 3812 4
240 3758 299 3813 loht
324 3760 352 3814 Β
456 3761 474 3816 5
498 3761 679 3814 concrematur
698 3759 790 3828 impiis
813 3758 841 3813 Β
944 3759 989 3814 hio
1007 3760 1035 3814 Β
1053 3775 1073 3814 e.
1093 3761 1110 3814 l.
1128 3777 1163 3814 m.
1181 3763 1201 3816 2

140 3847 177 3900 10
194 3845 268 3902 euim
285 3847 351 3910 fort
370 3861 404 3901 mo
422 3862 481 3902 eum
499 3846 571 3916 quod
583 3847 727 3916 praeemit
745 3846 928 3916 dittoprapte'a
940 3851 1030 3901 ortmm
1048 3851 1103 3910 retr
1119 3846 1178 3902 uid.
1190 3847 1269 3913 iufra

74 4003 76 4008 Ι
139 3933 180 3987 ad
197 3938 222 3998 §-
242 3935 279 3987 40
381 3931 522 4002 suplicium
548 3932 576 3985 Β
679 3931 938 4002 gehenna-arsura
954 3931 1010 3986 AB
1031 3935 1102 4002 geni
1120 3932 1145 3999 (e
1163 3932 1202 3986 le‘t.
1220 3931 1267 3986 ott.

138 4034 162 4073 e.
179 4019 251 4087 ser.)¹
266 4033 425 4073 -arrurem
442 4033 460 4072 a
547 4019 578 4072 11
597 4021 688 4073 antem
705 4024 733 4072 A
747 4017 828 4088 (qood
840 4017 980 4073 Halmium
990 4015 1088 4089 sopio:
1107 4033 1156 4072 om.
1174 4017 1202 4070 Β

140 4101 166 4157 ei
177 4117 238 4158 nom
249 4102 305 4157 eins
318 4105 400 4158 eiiam
417 4100 446 4158 B
533 4104 567 4158 15
585 4119 736 4172 gemursam
754 4104 782 4157 A
868 4105 900 4158 16
918 4103 1076 4174 dampnaret
1092 4103 1120 4156 Β
1138 4105 1201 4156 ml

142 4188 178 4244 le
195 4203 308 4258 poenam
326 4205 416 4244 eorum
433 4191 461 4243 Β
480 4193 580 4258 (eorum
593 4191 624 4244 m
635 4190 663 4244 A
675 4189 764 4244 deesse
775 4187 919 4244 Halmium
928 4188 1012 4260 sopit)
1098 4187 1133 4241 24
1150 4187 1197 4240 sed
1215 4187 1269 4257 ipsi

139 4276 295 4344 —proierre
320 4275 348 4329 A
373 4277 406 4346 im
422 4293 472 4348 nep.
495 4272 629 4341 inferiore
646 4278 762 4346 antiquo
778 4292 866 4332 mames
883 4285 908 4332 et
925 4277 980 4330 oleo
997 4279 1150 4329 atramento
1166 4271 1270 4342 scriptu

140 4361 223 4417 babet
326 4363 361 4416 26
378 4363 443 4416 dum
461 4362 489 4416 Β
505 4378 526 4417 s.
545 4363 562 4417 l.
580 4368 643 4417 m.1
661 4368 693 4417 ut
709 4363 766 4417 uid.
864 4361 897 4416 27
915 4378 970 4417 rem
987 4359 1108 4430 probare]
1127 4359 1268 4428 reprobare

140 4447 169 4501 Β
275 4449 420 4502 retinemur
436 4448 484 4504 sed
500 4466 534 4504 m.
552 4464 606 4505 rec.
623 4465 645 4504 s.
662 4465 715 4506 aer.
732 4447 847 4503 nitimur
864 4449 891 4502 A
916 4446 1058 4502 renitimur
1075 4446 1102 4501 Β

1129 4547 1167 4600 2*
