3134 5098
227 486 247 550 8
709 487 872 541 Saluiaui

226 676 347 741 talenta
368 695 429 743 non
450 684 636 760 premerent,
659 698 731 746 cunr
753 683 850 746 etiam
872 682 996 764 argenti
1018 701 1110 746 usum
1125 681 1247 766 legibus
1270 699 1356 746 coer-

228 781 356 845 cerent?
388 783 539 863 numquid
567 782 735 848 illecebrae
762 787 794 848 et
824 785 1007 868 cupiditatis
1036 803 1169 868 poenam
1195 787 1357 867 putabant,

228 883 309 964 quod
333 882 473 948 distenta
502 886 605 950 aureis
635 887 773 952 nummis
805 889 967 970 marsupia
997 906 1061 954 non
1088 889 1252 968 haberent,
1287 907 1359 954 cunr

228 985 398 1066 patricium
420 987 588 1064 bominem,
611 993 693 1071 qnod
715 1010 811 1074 usque
833 993 1001 1058 addenem
1016 993 1141 1076 argenti
1156 994 1253 1059 libras
1268 991 1358 1058 diues

177 1081 216 1146 11
229 1106 293 1153 esse
317 1088 485 1168 uoluisset,
515 1091 680 1176 indignum
709 1095 795 1160 curia
822 1096 1019 1161 iudicarent?
1062 1113 1126 1160 non
1146 1095 1360 1179 despiciebant
1388 1118 1405 1157 ⁵

229 1193 320 1269 tune,
349 1197 439 1276 puto,
468 1213 615 1278 pauperes
638 1197 757 1280 cultus,
789 1216 861 1262 cum
883 1203 1005 1266 uestem
1033 1200 1150 1264 hirtam
1173 1217 1211 1278 ac
1233 1200 1359 1265 breuem

229 1301 400 1376 sumerent,
425 1317 496 1363 cum
518 1300 556 1363 ab
579 1300 682 1365 aratro
704 1307 934 1367 arcesserentur
955 1302 996 1368 ad
1011 1303 1109 1368 fasces
1125 1304 1157 1366 et
1172 1301 1362 1368 inlustrandi

231 1401 340 1466 habitu
375 1403 531 1468 consulari
563 1402 629 1468 illis
662 1405 795 1470 fortasse
827 1405 905 1489 ipsis
938 1423 1015 1487 quas
1044 1405 1243 1490 adsumpturi
1270 1407 1360 1470 erant

229 1504 447 1588 imperialibus
465 1506 547 1590 togis
562 1509 723 1574 madidum
734 1510 846 1575 sudore
858 1509 1021 1593 puluerem
1034 1509 1241 1592 detergerent.
1255 1508 1362 1592 itaque

231 1608 308 1672 tunc
330 1607 380 1672 illi
401 1628 551 1694 pauperes
573 1612 780 1694 magistratus
809 1615 991 1695 opulentam
1016 1613 1243 1694 rempublicam
1265 1612 1409 1678 habe-10

231 1710 325 1790 bant,
354 1731 437 1777 nunc
466 1717 572 1778 autem
602 1714 689 1779 dines
716 1715 853 1798 potestas
882 1734 1050 1798 pauperem
1078 1716 1157 1781 lacit
1184 1733 1252 1780 esse
1276 1707 1362 1780 'rem-

230 1814 400 1897 publicam
425 1818 456 1880 et
478 1835 566 1899 quae,
590 1835 675 1902 rogo,
697 1819 820 1884 insania
834 1822 883 1884 est
898 1824 954 1884 aut
969 1838 1047 1904 quae
1068 1819 1209 1898 caecitas,
1232 1819 1269 1884 ut
1290 1836 1364 1902 ege-

230 1923 339 1985 stuosa
367 1939 404 1986 ac
425 1921 623 1986 mendicante
652 1922 813 2005 republica
843 1922 972 1988 diuitias
1000 1941 1091 2006 posse
1121 1923 1254 2000 credant
1280 1923 1364 1987 stare

231 2024 397 2106 priuatas?
419 2025 497 2090 tales
520 2044 593 2110 erge
616 2028 693 2092 tunc
715 2029 835 2092 ueteres
851 2028 986 2093 Romani
1006 2029 1097 2092 erant
1111 2030 1143 2092 et
1163 2029 1209 2092 sic
1223 2025 1274 2091 illi
1288 2027 1366 2090 tunc

232 2130 475 2196 contemnebant
497 2130 628 2196 diuitias
650 2132 822 2196 nescientes
849 2132 958 2214 deum,
993 2131 1077 2196 sicut
1103 2149 1186 2196 nnnc
1213 2131 1365 2212 spernunt
1377 2151 1411 2190 15

183 2233 223 2299 12
232 2234 399 2317 sequentes
423 2234 594 2299 dominum.
632 2253 821 2318 quamquam
843 2235 918 2317 quid
940 2251 998 2318 ego
1021 2236 1058 2300 de
1079 2233 1146 2299 illis
1169 2234 1288 2315 loquor,
1311 2231 1367 2314 qui

234 2333 309 2406 cur'a
338 2337 462 2421 imperii
490 2339 683 2424 propagandi
717 2341 934 2422 contemptum
961 2338 1102 2422 propriae
1134 2337 1295 2404 facultatis
1323 2336 1366 2402 ad

233 2462 305 2536 opes
334 2443 474 2526 publicas
504 2441 703 2509 conferebant
725 2444 772 2520 et,
799 2441 875 2506 licet
896 2443 1045 2524 priuatim
1072 2459 1222 2524 pauperes
1250 2442 1364 2515 essent,

233 2547 356 2613 diuitiis
386 2552 490 2612 tamen
518 2545 736 2611 communibus
766 2545 989 2625 abundabant,
1024 2564 1095 2609 cum
1129 2544 1225 2610 etiarn
1255 2541 1367 2608 Graeci

235 2653 361 2733 quidam
377 2649 550 2732 sapientiae
565 2650 734 2714 sectatores
749 2650 817 2714 sine
831 2648 897 2713 ullo
912 2648 1057 2732 publicae
1079 2648 1230 2714 utilitatis
1252 2647 1367 2712 affectu
1377 2669 1412 2708 20

235 2770 332 2837 prope
354 2753 439 2816 omni
461 2773 492 2818 se
514 2754 560 2819 rei
580 2753 744 2818 familiaris
765 2772 825 2818 usu
847 2752 1058 2835 assequendae
1080 2751 1199 2836 gloriae
1215 2751 1367 2817 auiditate

173 2936 175 2940 Ι
237 2857 440 2934 nudauerint‚
469 2874 527 2919 nec
549 2856 651 2919 solum
671 2854 744 2938 boc,
774 2854 827 2919 sed
857 2854 953 2918 etiam
976 2852 1134 2935 usquead
1155 2853 1369 2934 contemptum

238 2959 352 3026 doloris
380 2977 417 3024 ac
445 2961 555 3024 mertis
583 2959 741 3024 doctrinae
768 2975 844 3023 suae
872 2958 996 3022 culmen
1025 2956 1194 3031 erexerint,
1228 2955 1368 3021 dicentes

237 3063 360 3130 scilicet
383 3064 478 3128 etiam
493 3062 527 3128 iu
541 3064 656 3128 eatenis
673 3063 765 3144 atque
784 3060 945 3144 suppliciis
962 3061 1088 3126 beatum
1103 3079 1171 3126 esse
1184 3059 1368 3141 sapientem.

237 3171 359 3234 tantam
381 3167 509 3234 uirtutis
532 3166 596 3232 uim
615 3185 681 3231 esse
698 3165 872 3243 uoluerunt
892 3167 931 3228 ut
946 3183 1008 3230 non
1022 3163 1123 3248 possit
1137 3181 1205 3228 esse
1218 3179 1415 3244 umquam2⁵

238 3272 288 3336 uir
309 3273 406 3337 bonus
429 3288 492 3336 uon
517 3271 639 3337 beatus.
684 3269 711 3334 si
739 3287 812 3353 ergo
841 3267 891 3332 illi
913 3287 932 3332 a
954 3267 1140 3350 quibusdam
1167 3265 1369 3331 nuncetiam

238 3374 430 3456 sapientibus
452 3373 531 3439 uiris
553 3373 661 3440 miseri
682 3389 745 3438 nou
771 3373 939 3455 putantur,
969 3371 1023 3454 qui
1045 3371 1148 3436 nullos
1175 3368 1292 3435 laberis
1321 3367 1369 3432 sui

238 3478 358 3544 fructus
380 3478 441 3543 nisi
464 3498 501 3544 ex
515 3478 672 3560 praesenti
688 3477 813 3542 tanturn
828 3475 920 3542 laude
941 3475 1113 3558 capiebant,
1137 3471 1370 3557 quantomagis

291 3739 479 3792 lcoercerent
496 3763 524 3791 *a
541 3739 570 3790 et
593 3737 620 3789 A
664 3747 670 3757 ·
722 3734 911 3801 3-marsnpm
929 3747 990 3785 cum
1013 3732 1082 3798 patr.
1106 3730 1134 3782 A
1236 3725 1369 3780 4decem

240 3841 324 3894 nsque
342 3824 377 3878 ad
394 3824 422 3877 B
439 3828 531 3878 m.1·
597 3820 747 3876 buolnisu
764 3835 830 3873 num
848 3819 922 3872 curia
939 3819 967 3873 A
1062 3817 1199 3871 lineatam
1218 3838 1243 3867 u
1261 3815 1371 3869 breuem

240 3913 267 3965 A
371 3910 440 3965 uin
463 3908 598 3964 lustrandi
621 3907 648 3960 A
677 3905 834 3961 illustrandi
856 3905 884 3959 Β
987 3903 1165 3957 Scomulure
1188 3900 1216 3954 Β
1233 3903 1301 3954 m.1

240 4000 257 4053 9
275 3997 372 4054 sudore
388 4022 415 4050 *a
433 3997 525 4064 itaque
542 3995 570 4049 A
674 3994 707 4048 10
724 3991 916 4060 rempublicam
934 4013 948 4041 a
966 4005 1038 4043 nunc
1055 3989 1083 4042 A
1187 3985 1220 4040 12
1238 3986 1372 4038 insanum

241 4086 340 4140 accitas
359 4085 386 4138 A
490 4084 646 4150 aegestuoea
669 4095 699 4133 ac
717 4079 866 4134 medicante
881 4079 910 4131 A
1015 4076 1046 4130 13
1065 4077 1138 4128 stare
1155 4098 1168 4126 e
1184 4072 1254 4126 tales
1273 4070 1300 4123 A

243 4172 276 4226 15
299 4169 525 4242 contempnebant
541 4170 607 4222 tunc
630 4166 657 4220 Β
761 4165 794 4220 16
819 4163 879 4234 ego]
895 4179 961 4238 ¹ergo
979 4163 1008 4216 A
1109 4161 1204 4227 loquor
1220 4182 1248 4211 a·
1264 4154 1373 4225 imperii

242 4259 269 4311 A
356 4259 388 4314 18
400 4257 521 4326 publicas
534 4269 596 4323 opes
607 4252 636 4306 Β
649 4255 685 4320 (et
696 4251 838 4319 Halmius)
927 4247 1098 4304 conferebant
1106 4270 1147 4299 m
1155 4245 1262 4299 diuitiis
1274 4244 1302 4298 A

242 4347 276 4400 20
294 4345 398 4414 publice
416 4345 443 4398 A
535 4338 706 4396 utilitatibus
727 4337 754 4390 A
771 4336 819 4392 sed
835 4335 872 4389 bu
884 4341 981 4403 pauci.
1077 4331 1112 4386 25
1130 4332 1187 4386 nim
1205 4329 1317 4384 uirtutis
1336 4344 1372 4382 ec

242 4433 299 4486 uim
317 4431 404 4485 uirtus
422 4431 450 4483 B
467 4445 538 4484 corr.
555 4429 629 4481 m.2
732 4428 850 4491 nuquam
868 4421 915 4476 sed
932 4437 951 4473 n
966 4423 1064 4488 punct.
1083 4418 1111 4471 Β
