3178 5100
285 487 351 554 234
774 485 931 540 Saluiani

286 675 403 757 enim,
432 674 551 757 inquit,
579 676 712 742 omnia
733 673 771 740 in
795 675 1007 740 uoluntate
1030 691 1187 756 operum
1209 672 1416 740 bonorum:

285 777 343 844 bod
371 780 427 858 est,
457 780 496 843 ad
524 778 584 844 boo
612 777 690 844 facit
713 777 853 845 homines
875 779 1052 844 substantia
1074 795 1141 844 esse
1169 777 1352 860 locupletes,
1381 779 1418 842 ut

285 880 367 946 bona
396 882 573 964 operatione
603 881 669 946 sint
698 880 829 959 diuites,
858 881 962 946 idest
986 883 1021 945 ut
1050 881 1245 946 commutent
1275 879 1416 958 diuitias,

286 1002 362 1066 quas
396 987 590 1066 acceperunt,
615 986 648 1048 et
671 983 840 1050 facultates
861 983 946 1063 ipsas
969 983 1001 1046 in
1024 981 1115 1048 bouis
1144 983 1286 1066 operibus
1309 983 1416 1048 conlo·

285 1090 392 1152 cantes
415 1087 466 1152 dei
488 1105 569 1170 opes,
593 1106 669 1170 quas
692 1085 810 1151 babent
832 1085 866 1150 in
884 1086 943 1150 hoc
959 1087 1081 1150 saeculo
1102 1087 1316 1170 temporarias,
1339 1087 1451 1152 bones

284 1189 401 1254 utendo
435 1188 554 1255 faciant
581 1189 800 1272 sempiternas,
835 1207 873 1254 ao
901 1189 948 1254 sic
977 1192 1182 1272 agnoscentes
1211 1208 1341 1254 munera
1368 1191 1417 1256 dei

285 1291 406 1374 duplici
434 1292 516 1359 bono
543 1293 709 1377 gaudeant,
741 1311 812 1358 cum
842 1293 895 1376 qui
924 1295 999 1358 sunt
1021 1292 1135 1359 diuites
1156 1292 1191 1358 in
1213 1291 1272 1358 hoc
1295 1293 1416 1358 saeculo

285 1414 351 1460 esse
374 1413 496 1479 quoque
518 1395 632 1460 diuites
656 1398 834 1461 mereantur
855 1395 890 1459 in
913 1396 1008 1461 caelo.

232 1517 273 1582 31
328 1514 403 1580 vll.
439 1514 490 1580 Sic
523 1534 595 1598 ergo
628 1517 787 1581 bauendae
819 1520 894 1580 sunt
927 1515 1057 1581 diuitiae
1090 1515 1136 1581 sic
1167 1516 1337 1599 petendae,
1372 1514 1417 1581 sic

284 1620 435 1683 tenendae
457 1619 503 1683 sic
532 1618 764 1702 propagandae:
798 1619 937 1702 alioquin
965 1619 1197 1686 inaestimabile
1225 1620 1344 1684 malum
1370 1623 1451 1686 estro

284 1721 373 1787 bonis
389 1723 481 1786 adeo
497 1722 579 1788 datis
596 1740 658 1786 non
674 1721 753 1786 bene
778 1723 839 1800 nti;
863 1741 980 1788 auaro
1004 1723 1121 1801 enim,
1145 1722 1249 1805 iuquit
1263 1723 1418 1806 scriptura

283 1842 380 1903 sacra,
403 1824 506 1889 nihil
528 1831 588 1890 est
610 1825 845 1900 scelestius,
875 1827 907 1889 et
934 1826 1106 1907 pessimum
1130 1844 1166 1890 ac
1193 1825 1418 1890 feralissimum

283 1926 386 1992 morbi
409 1946 506 2012 genus
521 1927 651 1992 diuitiae
667 1931 867 1994 conseruatae
890 1929 924 1992 in
946 1928 1067 1994 malum
1082 1929 1201 1994 domini
1216 1927 1273 1993 eui.
1306 1945 1416 1992 uerum

283 2034 339 2094 est.
378 2031 453 2113 quid
483 2030 565 2096 enim
595 2031 684 2112 peius
707 2033 762 2095 aut
785 2034 859 2112 quid
882 2033 1035 2109 miserius,
1065 2049 1161 2114 quam
1183 2033 1211 2096 si
1233 2032 1303 2113 quis
1326 2050 1418 2113 prae-

282 2134 386 2202 sentia
412 2133 493 2198 bona
522 2135 554 2198 in
577 2135 662 2198 mala
690 2133 798 2199 futura
820 2136 992 2211 conuertat‚
1022 2139 1053 2198 et
1076 2153 1155 2217 quae
1178 2137 1217 2200 ad
1239 2134 1298 2200 boc
1320 2152 1338 2198 a
1360 2135 1452 2200 deon

283 2236 359 2300 data
381 2241 465 2312 sunt,
496 2240 531 2299 ut
555 2240 717 2317 pararetur
741 2255 778 2301 er
801 2237 846 2302 eis
869 2237 954 2302 uitae
983 2237 1144 2302 beatitudo
1171 2240 1332 2320 perpetua,
1363 2256 1418 2320 per

232 2339 359 2405 32haeo
383 2341 452 2422 ipsa
479 2341 648 2422 quaeratur
677 2356 761 2404 mors
791 2357 828 2403 ac
854 2341 1012 2405 damnatio
1041 2339 1257 2422 sempiterna?
1294 2343 1326 2408 in
1356 2358 1418 2422 quo

283 2447 314 2506 et
342 2442 421 2507 illud
450 2443 709 2508 considerandum
737 2442 829 2525 quod,
863 2443 890 2506 si
916 2445 1057 2508 seruatae
1080 2443 1211 2509 diuitiae
1234 2448 1272 2509 ad
1295 2443 1419 2508 malum

282 2546 419 2610 hominis
442 2549 674 2628 conseruantur,
698 2549 813 2628 quanto
836 2546 944 2628 utique
967 2546 1007 2610 ad
1030 2545 1132 2611 mains
1154 2548 1275 2614 malum
1297 2565 1419 2612 coacer-

283 2652 406 2714 uantur.
445 2650 557 2732 quotus
581 2649 667 2712 enim
689 2649 821 2730 quisque
849 2665 931 2714 nunc
954 2647 1090 2713 diuitum
1114 2653 1220 2715 aurae
1243 2655 1292 2714 cst
1314 2652 1454 2716 conti-ao

282 2752 416 2834 nentina,
446 2753 500 2833 qui
523 2769 594 2832 opes
624 2751 779 2816 custodire
809 2755 972 2816 contentus
1003 2751 1203 2817 adcumulare
1225 2752 1290 2817 iam
1313 2754 1417 2824 nolit?

282 2854 450 2920 omiseris
483 2853 634 2936 temporis
658 2855 691 2918 et
712 2855 943 2919 ecclesiasticae
976 2853 1085 2936 plebia,
1121 2855 1162 2920 ad
1185 2857 1259 2938 quid
1289 2856 1417 2922 redacta

283 2960 344 3020 est!
377 2955 432 3020 ubi
455 2974 527 3020 curn
549 2957 702 3039 scriptum
725 2957 777 3033 sit,
800 2958 882 3039 quod
898 2975 1021 3022 seruare
1037 2974 1110 3039 opes
1126 2977 1225 3042 genus
1244 2958 1285 3024 sit
1308 2961 1417 3041 magni

231 3057 273 3143 33
283 3059 432 3134 criminis,
467 3077 528 3124 non
558 3079 673 3144 augere
703 3060 768 3126 iam
790 3079 887 3143 genus
917 3060 1048 3142 putatur
1071 3079 1138 3124 esec
1161 3063 1307 3126 uirtutis·
1333 3081 1416 3146 ergo,

282 3166 318 3226 ut
340 3179 434 3244 supra
456 3163 602 3240 diximus,
629 3182 690 3246 quo
713 3165 802 3228 modo
826 3181 860 3226 se
882 3163 1011 3244 quidam
1034 3182 1101 3228 reos
1124 3162 1249 3229 omnino
1273 3181 1334 3228 non
1357 3183 1456 3246 puae

283 3268 363 3342 tant,
386 3265 415 3328 si
437 3285 494 3331 nec
516 3267 549 3331 in
571 3269 671 3332 morte
693 3266 821 3332 sibimet
848 3285 905 3348 per
926 3267 1192 3349 dispensationem
1220 3267 1416 3334 substantiae

283 3369 503 3453 consuluerint,
526 3389 598 3436 cum
621 3371 716 3436 etiam
731 3389 767 3434 ex
781 3371 839 3434 hoc
855 3372 900 3434 rei
916 3370 991 3454 sint,
1015 3373 1097 3453 quod
1112 3389 1209 3454 usque
1225 3372 1267 3435 ad
1281 3375 1415 3436 mortem

283 3474 396 3536 cuncta
418 3474 633 3558 seruauerint?
671 3475 726 3540 aut
749 3492 809 3555 quo
831 3477 921 3539 modo
944 3474 991 3538 rei
1017 3493 1079 3539 non
1109 3478 1211 3559 amnt,
1241 3476 1294 3556 qui
1315 3474 1418 3539 tacul-

282 3575 364 3638 tates
403 3593 475 3640 suas
513 3579 551 3642 ad
588 3594 798 3658 quoscumque
840 3576 980 3641 homines
1022 3576 1238 3642 infidelissima
1274 3579 1417 3644 uanitate

385 3749 417 3801 11
436 3747 536 3802 Eccles.
558 3747 598 3815 10,
616 3749 633 3802 9

331 3905 350 3958 4
377 3905 556 3974 conlocantes]
588 3905 773 3959 conculcantes
803 3920 951 3974 operarum
978 3920 1072 3961 errore
1097 3905 1176 3974 opud
1201 3905 1347 3959 Halmium

280 3991 297 4043 9
315 3990 452 4046 bacandae
470 4007 532 4045 oum
551 3991 579 4046 J.
593 3991 708 4061 Meyaro
726 3991 874 4046 Halmius:
893 3991 1030 4045 habendae
1047 3991 1104 4045 AB
1200 3992 1233 4046 13
1247 3997 1311 4060 poet
1327 3991 1417 4047 morbi

279 4093 301 4131 ι.
317 4077 334 4131 ι.
353 4077 416 4131 aaa
436 4093 522 4147 genus
540 4080 607 4132 aa
625 4079 666 4141 A;
693 4094 763 4146 exp
780 4078 882 4146 scopo
895 4084 922 4133 a
933 4079 1079 4146 numm·
1106 4079 1154 4133 eeu
1170 4079 1290 4145 forem
1307 4079 1351 4134 ao
1369 4095 1417 4134 aa

279 4164 346 4217 cidit
359 4169 386 4218 et
399 4163 476 4218 Solea
494 4163 607 4232 soriam
620 4165 648 4216 in
661 4163 719 4218 orbi
731 4165 776 4218 ool
788 4164 863 4228 orbc;
881 4164 1026 4233 pessimum
1040 4166 1113 4221 euim
1125 4166 1188 4220 aooo'
1197 4167 1290 4220 atatim
1301 4181 1417 4233 raspon-

279 4248 325 4302 dat
342 4249 408 4317 qnid
425 4249 497 4304 enim
515 4249 591 4318 peius
615 4251 651 4316 cf.
673 4249 718 4304 VI
733 4252 783 4304 72:
809 4251 839 4305 in
862 4251 914 4305 alio
938 4251 1001 4306 orbe
1025 4253 1128 4306 mmota
1146 4257 1173 4304 et
1191 4250 1258 4305 Iud.
1276 4250 1333 4305 III
1345 4265 1367 4304 a.
1387 4267 1417 4306 a.

279 4335 351 4388 abab
447 4335 477 4388 11
496 4335 653 4404 dampnatio
672 4335 700 4389 B
790 4336 825 4390 22
843 4335 1006 4392 mantiae
1023 4338 1051 4389 A
1143 4335 1178 4390 24
1195 4351 1248 4390 non
1266 4335 1420 4394 maedam

279 4419 403 4474 censebat
419 4420 622 4476 Rittarebaee'aa
721 4420 754 4474 27
772 4435 825 4490 quo
842 4435 925 4490 usqne
943 4422 970 4476 B
1068 4423 1103 4476 28
1123 4426 1299 4478 seruauerunt
1318 4423 1347 4478 Β
