3178 5100
490 445 528 498 ad
546 443 728 498 ecclesiam
751 443 781 498 11
800 448 815 509 ξ
833 443 944 498 47-54.
1218 443 1280 509 261

149 655 189 701 ac
220 635 295 700 deus
325 636 433 698 noster
462 632 541 696 nihil
569 631 669 697 tutius
699 651 734 698 ac
763 632 920 698 salubrius
949 633 1035 696 omni
1065 631 1184 696 homini
1215 649 1282 695 essa

153 736 269 805 dixerit
302 756 396 821 quam
429 754 496 802 rem
525 753 616 802 snam
644 739 738 820 atque
769 735 981 802 substantiam
1007 734 1040 799 in
1070 753 1129 800 usn
1159 735 1282 800 miseri-

154 843 274 908 cordiae
298 842 457 906 conlocare
479 841 571 922 idque
593 842 757 924 praecipue
779 843 811 904 et
832 841 866 903 in
880 841 986 904 uetere
1008 839 1040 902 et
1061 839 1094 902 in
1109 855 1191 902 noua
1213 834 1282 920 iege

153 945 351 1012 mandauerit
379 944 499 1021 dicens,
530 945 611 1025 quod
641 945 695 1026 qui
722 943 866 1008 diuidant
893 943 1018 1025 propria
1044 939 1172 1006 ditiores
1194 939 1281 1019 fiant,

129 1051 185 1114 oct
207 1049 290 1133 quod
313 1048 560 1114 misericordiae
581 1047 683 1111 morte
704 1046 824 1113 liberet.
856 1049 887 1110 et
909 1035 987 1110 alibi
1009 1047 1046 1110 de
1067 1047 1177 1109 sancto
1199 1043 1333 1112 niro:5l

155 1151 364 1236 dispersit,
399 1151 510 1216 dedit
543 1149 799 1232 pauperihus,
837 1147 1005 1213 iustitia
1038 1147 1121 1212 sins
1153 1147 1284 1212 manet

154 1257 193 1321 in
223 1257 437 1320 aeternum.
476 1253 509 1318 in
540 1249 701 1336 euangelio
732 1269 868 1336 quoqne:
900 1252 1044 1329 nolite,
1066 1249 1180 1332 inquit,
1204 1249 1283 1314 the-

154 1360 357 1424 saurizare
388 1359 503 1427 uobis
532 1357 745 1422 thesauros
777 1358 957 1421 interra.
996 1357 1028 1420 et
1050 1357 1180 1421 iterum:
1211 1367 1286 1419 ncn‘

153 1461 331 1545 potestis
366 1462 434 1526 deo
466 1461 619 1526 seruire
649 1466 685 1525 et
713 1477 958 1526 mammonae.
996 1458 1181 1524 etiterum:
1211 1474 1285 1522 nae

118 1564 287 1644 ronchis,
320 1565 487 1643 diuites,
518 1565 584 1648 qui
607 1565 768 1632 habetis
791 1563 1091 1630 consolationes
1113 1565 1282 1628 uestras.

153 1667 256 1732 auaris
279 1685 400 1750 quoqne
423 1671 454 1732 et
475 1667 717 1734 inhumanitatis
740 1667 870 1732 crimina
892 1666 969 1732 reis:
999 1666 1074 1747 ite,
1099 1665 1219 1750 inquit,
1243 1667 1283 1730 in

153 1771 282 1854 ignem
307 1775 522 1856 aeternum,
546 1789 655 1856 quem
677 1770 841 1854 parauit
863 1771 976 1853 pater
998 1786 1103 1834 meus
1119 1767 1282 1833 diabolo

154 1878 191 1940 et
225 1875 382 1958 angelis
415 1877 510 1942 aius.
547 1895 679 1958 qnomm
712 1893 790 1959 quae
824 1891 923 1956 poena
951 1879 1073 1955 sempel
1101 1872 1208 1938 futura
1229 1870 1336 1952 sithi

152 1977 244 2043 iacile
274 1978 485 2061 intellegitur,
518 1981 631 2063 quibus
663 1997 727 2044 sors
757 1997 828 2044 oum
861 1977 983 2042 diabolo
1013 1976 1190 2058 deputatur.
1228 1993 1284 2058 per

117 2099 231 2164 requae
264 2083 371 2146 tamen
405 2085 562 2148 tormenta
594 2083 732 2148 maxima
764 2099 826 2146 non
859 2079 1054 2146 atrocissima
1087 2079 1143 2145 illa
1176 2079 1208 2144 in
1239 2078 1283 2144 eis

152 2183 397 2250 fornicationum
432 2186 488 2250 aut
523 2186 762 2250 homicidiorum
796 2187 851 2249 aut
884 2183 1117 2266 sacrilegiorum
1151 2182 1285 2248 crimina

151 2288 335 2369 puniuntur,
360 2289 415 2352 sed
437 2289 504 2353 sola
525 2289 743 2354 tantummodo
766 2287 900 2354 auaritia
921 2289 951 2352 et
966 2285 1138 2353 abdicatrix
1160 2285 1284 2350 miseri-

152 2390 274 2457 oordiao
311 2390 532 2457 inhumanitas.
577 2390 660 2456 unde
697 2389 878 2474 intellegere
916 2407 970 2454 nos
1008 2388 1169 2468 conuenit,
1208 2384 1335 2470 quid53

152 2496 277 2576 passuri
310 2494 375 2559 sint
408 2512 484 2578 qnos
516 2497 640 2578 praeter
673 2494 735 2559 alia
768 2496 896 2576 peccata
928 2492 1024 2558 otiam
1051 2491 1185 2556 auamtia
1213 2507 1284 2558 reos

115 2597 275 2674 afeoerit,
310 2615 381 2663 oum
413 2615 535 2663 summo
571 2597 724 2681 supplicio
757 2597 923 2661 adficiendi
952 2596 1016 2661 sint
1043 2613 1120 2679 quos
1143 2587 1309 2676 expertes

153 2701 293 2766 omnium
321 2701 518 2782 peccatorum
547 2703 649 2766 solum
673 2700 825 2769 auantiae
848 2699 967 2766 crimen
990 2702 1091 2764 morte
1115 2698 1282 2766 damnarit.

152 2822 232 2886 quae
262 2803 371 2885 utiquo
394 2803 421 2869 si
442 2803 552 2869 iutnra
574 2803 680 2870 omnia
710 2803 872 2887 oredimus,
904 2804 1021 2886 absque
1047 2801 1142 2868 dubio
1165 2800 1285 2866 euitare

153 2908 311 2974 dehemus.
348 2909 375 2973 si
405 2909 511 2974 autem
544 2925 606 2974 non
640 2907 825 2988 denitamus,
858 2906 996 2989 proiecto
1026 2921 1088 2970 non
1117 2904 1284 2970 credimus.

152 3010 180 3076 si
202 3014 308 3076 autom
330 3031 391 3078 non
414 3012 577 3090 credimus,
608 3007 779 3076 Christiani
805 3027 1002 3093 nequaquam
1024 3027 1149 3092 sumns;
1184 3025 1284 3090 noque

110 3116 238 3180 acerum
260 3133 426 3198 possumus
449 3132 639 3198 quemquam
661 3113 764 3179 dicero
782 3112 1005 3192 Christianum,
1031 3113 1084 3194 qui
1107 3130 1168 3178 non
1190 3113 1283 3194 putat

152 3217 277 3283 Christo
300 3236 366 3282 csse
392 3219 588 3284 credendum.

193 3355 268 3420 XII.
300 3353 360 3421 Sed
382 3357 447 3420 estc
477 3355 547 3421 illas
571 3373 647 3439 quas
670 3373 764 3438 supra
788 3355 923 3421 diximus
947 3333 1060 3439 poenas
1084 3331 1146 3419 non
1168 3352 1282 3420 timea·
1291 3358 1336 3427 54

150 3477 223 3524 mus
252 3460 312 3525 rei:
350 3458 503 3543 numquid
537 3459 635 3548 etiam
669 3460 842 3542 praemium
872 3477 995 3543 sperare
1026 3475 1190 3543 possumus
1220 3474 1282 3521 non
1310 3513 1320 3522 .

148 3563 331 3628 merentes?
369 3563 401 3627 et
432 3563 501 3628 ideo
535 3561 562 3628 si
595 3579 666 3646 opes
700 3579 761 3628 non
797 3555 907 3628 damus
937 3561 976 3628 ob
1006 3551 1202 3645 peccatorum
1232 3578 1292 3656 re·¹

256 3763 363 3820 dPsal.
382 3766 475 3834 111,9
562 3763 739 3834 ruarmo,
759 3765 791 3822 19
882 3765 1017 3821 ellectu.
1037 3767 1061 3832 6,
1079 3765 1121 3820 24
1157 3764 1221 3821 Luc.
1241 3765 1282 3831 16,“

150 3852 186 3907 13
221 3855 285 3906 Luc.
302 3852 328 3920 6,
345 3853 380 3906 24
484 3853 515 3908 ll
534 3853 633 3908 Matth.
651 3854 693 3919 25,
711 3853 744 3907 41

206 4041 335 4095 lnoster
353 4042 390 4095 ba
410 4055 464 4096 non
487 4039 545 4096 AB
562 4042 597 4108 cf.
615 4057 704 4112 &epra
722 4042 760 4096 cd
777 4047 803 4108 5.
822 4045 858 4096 39
953 4036 1099 4094 'totiusB
1173 4034 1282 4090 -4di-

146 4126 253 4182 oaiorae
271 4128 330 4197 (sie)
348 4128 375 4182 A
474 4128 664 4197 lasuangclio
682 4129 710 4182 A
805 4128 901 4196 inquid
913 4129 956 4196 (at
969 4127 1053 4182 ctiam
1064 4124 1165 4189 mara)
1181 4123 1213 4177 ’Β
1229 4130 1252 4160 f

144 4215 346 4268 9mammone
372 4215 427 4269 AB
532 4213 564 4268 12
591 4215 744 4284 properauit
772 4212 799 4268 Β
901 4212 1010 4268 diaholo
1032 4225 1067 4266 cc
1084 4209 1193 4264 diabulo
1212 4221 1282 4264 corr.

143 4313 187 4357 m.
205 4302 224 4354 2
245 4300 272 4353 A
300 4299 409 4355 diabulo
435 4301 463 4354 B
482 4297 556 4368 (iura
573 4301 675 4368 statim)
781 4301 813 4354 13
831 4301 889 4354 eius
906 4301 947 4354 B:
976 4299 1033 4353 suis
1049 4293 1084 4364 A,
1112 4297 1161 4366 qai
1179 4299 1207 4351 ct
1223 4295 1283 4364 ipse

31 4405 34 4408 ·
138 4383 692 4454 insrcllllss.20ct29ltcheteius;
719 4386 898 4454 cfiod154
