3178 5100
538 416 578 471 ad
595 415 773 470 ecclesiam
797 416 812 470 1
830 421 845 480 ξ
863 417 956 471 5-11.
1251 416 1313 480 227

184 611 289 672 tamen
312 606 499 689 ubicumque
522 608 681 673 abstrusas
705 604 833 672 habent.
863 621 953 670 nemo
976 624 1010 670 se
1031 605 1172 672 ridiculis
1195 605 1314 690 opinio·

182 710 275 776 nibus
308 710 411 776 fallat.
451 709 637 792 quicumque
666 710 816 794 augendis
850 707 959 791 opibus
987 711 1111 774 terrena
1140 708 1314 790 cupiditate

183 814 377 878 famulantur
409 830 521 877 aurum
553 814 656 878 terrae
689 831 813 895 semper
844 810 1012 876 infodiunt.
1055 810 1113 876 hoc
1146 815 1196 877 est
1227 811 1314 881 euim

181 918 271 993 illud,
303 916 384 998 quod
406 917 545 981 saluator
566 919 600 981 in
624 914 786 999 euangelio
809 915 899 979 docet
923 915 1043 980 dieansr
1059 913 1207 979 ,nolite
1231 915 1313 978 the·

158 1020 381 1086 usaurizare
404 1020 516 1084 uobis
543 1018 754 1084 thesauros
782 1017 823 1082 in
850 1019 965 1083 terra.
1004 1017 1194 1084 etiterum:
1229 1018 1313 1083 the·

182 1124 379 1189 saurizate
407 1125 538 1188 autam
567 1123 676 1188 uobis
707 1121 922 1186 thesauros
945 1121 1128 1188 incaelo.
1167 1120 1312 1204 intellegi

182 1226 268 1292 iuxta
291 1227 446 1292 carnalem
469 1227 612 1292 auditum
635 1227 696 1290 ista
714 1243 777 1292 non
798 1229 939 1307 possunt.
971 1225 1124 1307 numquid
1147 1224 1233 1292 enim
1256 1227 1312 1290 aut

183 1343 289 1395 omnes
311 1330 388 1396 mali
411 1331 441 1394 in
465 1331 552 1395 terra
574 1329 747 1412 corporales
767 1330 930 1394 thesauros
945 1347 1017 1394 suos
1034 1332 1088 1394 aut
1110 1346 1217 1396 omnes
1239 1327 1311 1394 boni

181 1431 214 1498 in
248 1433 332 1499 caelo
365 1434 494 1498 locant?
531 1450 592 1497 non
625 1432 745 1515 utique.
790 1433 821 1496 et
856 1433 924 1497 ideo
957 1431 1084 1498 ollactus
1118 1430 1311 1514 spiritalium
1344 1430 1365 1494 9

142 1567 170 1606 ιο
181 1557 285 1602 rerum
316 1539 408 1619 atqua
436 1537 571 1600 uirtutes
599 1538 648 1600 uis
678 1554 782 1600 sacrae
808 1535 973 1600 locutionis
997 1534 1158 1616 expressit.
1193 1537 1312 1604 scilicet

182 1644 228 1720 ut,
251 1641 324 1722 quia
347 1639 512 1723 cupiditati
534 1641 566 1704 st
588 1641 738 1704 auaritiae
761 1642 886 1704 terrena
904 1643 999 1720 atque
1014 1642 1164 1718 tartarea,
1188 1641 1311 1706 miseri-

183 1743 306 1808 cordiae
334 1745 441 1810 autem
463 1761 501 1808 ac
521 1743 664 1826 largitati
691 1742 840 1808 caelestia
861 1759 898 1807 ac
927 1743 1117 1825 sempiterna
1149 1743 1311 1824 debentur,

182 1847 296 1913 idcirco
325 1847 496 1912 diuersitas
523 1847 638 1912 terreni
667 1850 700 1911 et
727 1847 868 1911 caelestis
897 1846 1035 1912 thesauri
1062 1846 1165 1929 posita
1194 1849 1252 1924 est,
1276 1847 1312 1912 ut

182 1953 234 2033 qui
264 1951 428 2033 cupiditati
458 1953 489 2016 et
518 1951 669 2016 auaritiae
698 1949 946 2016 thesaurizarent
968 1949 1001 2014 in
1031 1949 1153 2016 inferno
1175 1969 1210 2016 se
1240 1969 1312 2034 opes

141 2055 283 2121 relocare
316 2055 550 2138 cognoscerent,
589 2055 642 2136 qui
676 2071 748 2118 uero
787 2055 1017 2119 misericordiae
1050 2057 1081 2119 et
1120 2054 1311 2120 humanitati

181 2159 332 2224 caelestes
353 2159 515 2223 thesauros
538 2175 721 2240 praeparare
747 2160 926 2240 gauderent.
964 2157 1032 2223 loca
1054 2158 1161 2240 itaque
1184 2159 1311 2225 thesau-

183 2281 290 2328 rorum
306 2262 345 2327 de
360 2262 482 2327 meritis
498 2262 778 2327 thesaurizantium
794 2261 987 2344 nominauit3
1005 2260 1052 2325 ibi
1067 2263 1150 2328 onim
1166 2261 1313 2328 dicuntur

181 2383 247 2430 osse
269 2367 332 2430 iem
355 2365 505 2444 thesauri,
529 2365 585 2429 ubi
607 2370 681 2429 sunt
704 2365 948 2430 thesaurizantes
972 2363 1081 2428 futuri.

223 2487 281 2552 ΙΙΙ.
318 2487 378 2553 Sed
409 2492 535 2552 austera
563 2487 695 2552 forsitan
726 2486 872 2550 uideatur
901 2505 965 2550 esse
995 2484 1152 2550 sententia
1182 2490 1310 2552 cunctos
1323 2488 1364 2552 10

139 2591 351 2673 inaequaliter
373 2593 411 2656 ad
433 2590 656 2674 perfectionem
684 2605 801 2655 uocans
825 2591 857 2654 et
878 2606 942 2654 una
965 2606 1069 2654 omnes
1092 2589 1160 2673 lege
1184 2591 1310 2672 conpel-

178 2693 257 2768 lans
283 2713 353 2759 cum
377 2695 484 2777 utique
506 2714 569 2760 non
592 2695 633 2759 sit
647 2694 863 2759 uniuersorum
879 2713 941 2757 una
956 2692 1104 2758 condicio.
1135 2693 1310 2760 rectissime

178 2791 306 2879 quidem
328 2797 389 2862 dici
412 2799 450 2862 ad
474 2799 536 2862 ista
558 2799 689 2880 poterat,
712 2799 795 2879 quod
818 2815 890 2862 cnm
905 2813 1011 2860 omnes
1034 2785 1185 2880 perpetuo
1207 2797 1309 2862 uelint

178 2904 294 2984 uiuere,
318 2917 429 2966 omnes
448 2901 480 2964 id
504 2919 595 2984 agere
618 2902 774 2979 deberent,
797 2902 833 2965 ut
855 2888 962 2965 uitam
975 2899 1163 2982 participare
1179 2903 1308 2982 possint,

178 2991 254 3087 quia
274 3004 579 3070 inconsultissimum
601 3023 638 3070 ac
660 3005 887 3070 stultissimum
910 3003 960 3068 ost
981 3004 1013 3068 id
1032 3007 1182 3085 quosdam
1205 3021 1307 3086 agera,

137 3111 216 3174 asnt
240 3110 319 3190 quod
342 3109 457 3174 affectu
480 3128 516 3173 ac
537 3112 612 3173 uoto
635 3107 755 3186 uolunt,
779 3106 813 3171 id
834 3108 940 3189 ipsum
963 3125 994 3169 re
1013 3110 1105 3186 atque
1128 3111 1201 3170 actu
1224 3107 1309 3171 nolle

177 3211 354 3276 uideantur.
388 3211 441 3276 sed
471 3213 578 3276 tamen
605 3211 769 3276 uideamus
793 3227 862 3274 eam
890 3210 1024 3272 marimo
1047 3207 1358 3286 Ohristianorum,ll

178 3315 211 3379 id
235 3316 282 3379 est
302 3313 440 3379 filiorum
461 3317 588 3380 tuorum
601 3319 736 3396 parim,
760 3332 838 3395 quae
855 3313 948 3378 certis
964 3329 1068 3377 rernm
1084 3313 1308 3395 inpedimentis

178 3421 213 3482 et
235 3417 535 3501 inexpugnabilibus,
558 3417 595 3481 ut
616 3419 717 3499 putat,
749 3417 1015 3483 necessitudinum
1038 3415 1174 3481 uinculis
1198 3435 1217 3481 a
1238 3435 1309 3498 per·

176 3519 311 3586 factione
332 3522 505 3585 renouatur.
539 3539 575 3586 ac
597 3523 735 3602 primum
757 3523 789 3585 in
811 3520 869 3585 hac
887 3522 976 3602 parte
999 3519 1059 3600 illi,
1083 3519 1200 3602 opinor,
1225 3523 1307 3599 sunt,

134 3625 233 3706 nequi
255 3625 293 3690 ad
316 3625 505 3707 quaerendas
527 3625 673 3706 pecunias
689 3629 721 3688 et
744 3623 937 3705 ampliandas
960 3621 1115 3687 latissime
1139 3640 1210 3704 opes
1234 3641 1308 3688 con·

278 3829 296 3882 4
316 3827 416 3883 Matth.
434 3830 458 3894 6,
479 3829 511 3883 19

228 4015 245 4068 6
266 4015 428 4084 intellegis.
448 4031 461 4068 e
479 4015 539 4086 sytt.
553 4016 679 4084 pecuali.
697 4031 748 4071 sor.
767 4017 776 4068 i
795 4031 829 4070 m.
847 4019 865 4070 2
883 4017 911 4069 A
940 4015 1065 4084 intellige
1083 4016 1110 4070 B
1215 4015 1247 4070 11
1266 4013 1307 4068 ‘ut

173 4101 322 4156 dolendum
340 4101 458 4157 uideas?
476 4103 607 4156 Halmius
622 4103 689 4170 fort.
707 4108 778 4157 recte
880 4103 914 4156 13
937 4106 979 4155 est
997 4106 1098 4170 punct.
1115 4106 1142 4155 et
1158 4115 1179 4154 a.
1198 4115 1250 4154 scr.
1269 4101 1307 4152 sit

172 4191 242 4243 Μ
258 4189 286 4241 A
378 4188 411 4242 19
427 4191 535 4242 austera
553 4205 573 4244 s,
592 4205 607 4242 a
621 4190 717 4257 priore
734 4205 785 4243 scr.
804 4188 822 4242 h
839 4191 905 4243 Μ
923 4189 951 4242 A
1042 4187 1164 4240 forsitam
1182 4185 1249 4240 AB.

173 4273 209 4328 21
239 4274 355 4329 conditio
378 4275 406 4328 B
431 4281 458 4330 et
475 4281 542 4329 aute
559 4291 615 4329 ras.
638 4277 666 4328 A
769 4275 803 4328 22
830 4275 937 4344 quidem
959 4289 994 4328 ca
1015 4271 1124 4341 qnidam
1147 4286 1218 4328 corr.
1237 4275 1309 4325 Μ

172 4361 204 4415 Β
307 4361 341 4416 23
358 4364 465 4431 possent
483 4378 517 4416 ea
534 4362 638 4431 possint
656 4377 726 4417 corr.
745 4379 779 4416 m.
798 4365 818 4416 2
834 4363 863 4415 A

1150 4465 1204 4520 15*
