3178 5100
268 450 332 518 262
757 447 913 501 Saluiani

268 635 488 719 demptionem,
520 636 627 702 demus
650 634 755 700 saltim
779 635 817 699 ad
840 633 1003 700 emendam
1024 631 1263 718 beatitudinem,
1288 634 1316 701 si
1338 653 1404 700 non

268 739 377 804 damus
401 759 439 803 ne
462 739 656 822 damnemur,
680 741 790 804 demus
813 736 919 802 saltim
941 737 978 800 ut
1000 755 1207 813 muneremur,
1239 738 1314 820 quia
1337 740 1402 804 eti·

267 843 346 909 amsi
369 843 537 926 praeterita
558 842 642 906 mala
665 858 727 904 uon
750 840 814 904 sint
837 857 914 922 quae
937 843 1079 920 oporteat
1094 843 1215 906 sanatos
1232 843 1403 922 redimere,

268 949 342 1012 sunt
374 948 480 1010 tamen
514 944 664 1028 perennia
690 945 782 1022 veona,
818 961 897 1026 quae
923 959 1037 1025 magno
1061 944 1196 1010 debeant
1218 962 1399 1026 conparare,

235 1050 391 1116 *etiamsi
415 1067 515 1130 poena
537 1067 599 1112 uon
621 1047 663 1112 sit
685 1065 764 1129 quae
786 1047 944 1129 timeatur,
969 1046 1016 1110 est
1038 1047 1144 1112 tamen
1166 1065 1298 1130 rognum
1314 1047 1399 1129 quod
1428 1069 1449 1112 u

269 1153 435 1231 ambiatur,
459 1170 494 1217 ao
509 1171 564 1234 per
578 1152 645 1230 hoo,
670 1150 871 1215 etiamsinon
887 1149 1002 1214 babent
1017 1151 1117 1214 saneti
1134 1169 1211 1232 quae
1229 1151 1399 1228 redimant,

267 1255 385 1320 habent
421 1256 527 1320 tamen
561 1273 638 1338 quae
671 1255 787 1320 emant.
825 1254 887 1318 nisi
921 1253 1001 1319 forte
1033 1253 1147 1335 aliquis
1181 1254 1331 1318 damnum
1366 1256 1401 1318 in

268 1360 425 1442 emptione
447 1362 599 1440 uersatur,
623 1355 772 1422 uidelieet
794 1376 832 1421 ne
855 1357 925 1439 plns
949 1359 1123 1423 commodet
1143 1375 1238 1439 quam
1253 1356 1400 1439 reeipiat,

267 1481 306 1527 ne
329 1461 459 1546 grandia
481 1460 653 1526 faeneranti
675 1478 772 1544 parua
794 1459 975 1538 reddantur,
1007 1478 1045 1524 ne
1068 1459 1269 1544 largitionem
1291 1460 1399 1526 redhi-

267 1565 345 1633 bitio
367 1583 428 1630 non
450 1565 601 1646 repenset,
632 1563 664 1628 et
685 1563 758 1629 data
781 1565 876 1629 semel
905 1564 1000 1647 pretii
1021 1564 1241 1654 magnitudine
1265 1565 1400 1647 pecunia
1413 1587 1448 1628 ro

267 1668 461 1753 parielitotur
483 1670 640 1750 emptoris,
665 1686 700 1733 ao
722 1668 749 1734 si
773 1685 923 1752 magnum
940 1668 1014 1751 quid
1030 1668 1154 1734 domino
1172 1667 1401 1734 commendarit

268 1776 301 1839 in
323 1778 415 1852 terra,
439 1791 501 1837 non
526 1771 637 1839 babeat
659 1769 802 1836 Christus
827 1769 959 1836 forsitan
981 1771 1062 1836 unde
1080 1770 1108 1836 ei
1123 1771 1228 1836 soluat
1251 1770 1284 1835 in
1301 1769 1400 1837 eaelo.

214 1869 370 1959 bbplane,
399 1876 427 1942 si
450 1877 511 1940 ista
539 1874 693 1941 dubitatio
716 1877 771 1956 est,
801 1873 867 1939 fieri
895 1873 976 1938 nihil
998 1878 1120 1956 suadeo,
1151 1876 1223 1957 qnia
1246 1892 1303 1938 neo
1326 1893 1398 1957 pro-

269 1983 341 2045 sunt
363 1979 487 2045 omnino
510 1979 577 2044 ulla
598 1977 767 2044 dubitanti.
798 1993 885 2042 oassa
908 1979 1021 2062 quippo
1037 1981 1085 2045 est
1101 1977 1249 2061 operatio,
1273 1977 1300 2042 si
1323 1976 1403 2042 fides

269 2085 353 2149 oarta
375 2101 436 2148 non
458 2081 560 2160 fuerit,
594 2081 711 2146 frustra
733 2079 872 2146 foenerat
899 2081 952 2163 qui
980 2081 1017 2150 de
1046 2084 1219 2165 receptione
1247 2082 1401 2163 desperat.
1415 2107 1448 2146 ιι

269 2185 411 2253 Christus
433 2184 525 2264 enim,
549 2184 586 2248 ut
608 2182 774 2268 oredimus,
804 2182 958 2249 fastorum
981 2185 1122 2251 omnium
1144 2183 1317 2251 retributor
1341 2188 1400 2249 est.

268 2291 295 2354 si
310 2309 390 2374 ergo
413 2290 469 2355 aut
497 2289 621 2372 inopem
644 2306 724 2370 eum,
756 2287 809 2369 qni
831 2287 1002 2354 retribuere
1033 2307 1094 2354 non
1124 2288 1233 2372 possit,
1265 2292 1320 2353 aut
1350 2289 1402 2353 in·

243 2392 398 2460 'fidelem
424 2393 517 2474 putas
548 2411 626 2476 esse,
658 2392 711 2473 qni
741 2391 829 2466 nolit,
860 2395 1012 2472 quomodo
1040 2395 1079 2458 ab
1102 2411 1137 2457 eo
1160 2391 1402 2457 retributionem

270 2516 392 2579 sperare
423 2495 550 2582 poteris,
581 2514 674 2578 quem
702 2495 735 2564 et
763 2494 1016 2576 inpossibilitatis
1047 2500 1079 2560 ot
1104 2494 1302 2561 infidelitatis
1333 2495 1403 2578 ipse

217 2588 491 2668 teramnensis?
525 2601 607 2682 quod
636 2600 664 2664 si
692 2618 755 2664 nou
778 2599 823 2664 ita
846 2600 894 2664 ost
916 2617 974 2664 neo
996 2599 1130 2684 ambigis
1154 2600 1310 2665 fauturum
1336 2617 1450 2664 essese

270 2723 349 2786 quae
371 2702 458 2781 dixit,
490 2722 566 2786 qnae
589 2703 768 2784 iusipientia
790 2704 845 2768 aut
867 2702 921 2784 qui
944 2722 1027 2768 error
1049 2706 1106 2783 est,
1135 2708 1170 2768 ut
1193 2721 1254 2768 non
1277 2701 1305 2767 ei
1331 2703 1403 2768 tan-

270 2809 339 2872 tum
369 2806 422 2872 des
452 2810 602 2890 quantum
631 2808 735 2891 potes,
767 2825 836 2872 eum
867 2807 976 2890 utique
1007 2825 1068 2873 non
1098 2807 1222 2872 dubites
1246 2807 1349 2873 multo
1371 2809 1405 2872 te

270 2909 341 2993 plus
364 2910 562 2992 recepturum
586 2928 769 2994 essequam
792 2909 936 2976 dederis?
959 2929 1036 2993 quae
1051 2913 1181 2995 donique
1204 2911 1341 2989 miseria,
1365 2914 1406 3001 ut

271 3012 365 3082 malis
388 3012 470 3078 nihil
492 3031 528 3079 ex
550 3013 597 3078 his
620 3013 756 3095 resipere
780 3031 858 3094 quae
880 3013 1042 3095 relinquis,
1075 3031 1147 3079 enm
1176 3015 1278 3080 totum
1301 3012 1406 3095 possis

270 3118 403 3199 penitus
425 3115 583 3199 possidere
614 3117 695 3198 qnod
726 3117 849 3182 eredis?
882 3116 1121 3195 erumnarum
1143 3121 1208 3184 me!
1243 3120 1319 3200 puto
1341 3135 1451 3186 nones

272 3221 410 3285 ereditur
441 3221 507 3287 deo.
546 3222 577 3285 et
606 3220 687 3302 quod
718 3219 785 3285 dieo
816 3222 901 3302 puto,
933 3221 1057 3286 utinam
1088 3222 1231 3304 ambigue
1258 3221 1405 3304 putarem

273 3323 305 3388 et
334 3342 393 3389 non
427 3323 589 3390 euidenter
619 3341 823 3414 agnoseorem.
869 3323 1045 3390 laborarem
1075 3324 1213 3394 fortasse,
1238 3322 1324 3387 iutra
1353 3342 1405 3387 me

272 3426 396 3492 uincere
419 3427 574 3509 opiniones
597 3445 682 3491 meas
705 3430 736 3490 et
759 3444 900 3510 negarem
922 3446 1049 3494 sensum
1073 3428 1168 3494 dubia
1188 3446 1251 3502 ¹non
1268 3426 1406 3506 eredere,

217 3525 308 3595 aaut
337 3531 475 3594 mentem
509 3523 691 3595 melioribus
724 3530 924 3612 applicarem.
963 3534 1017 3597 sed
1048 3532 1122 3614 quid
1156 3531 1303 3616 agimus?
1341 3549 1406 3595 non

271 3630 376 3698 dubiis
407 3634 497 3698 rebus
528 3631 683 3697 uineimnr
706 3635 737 3698 et
765 3633 965 3699 euidentibus
996 3625 1182 3700 coartamur.
1221 3621 1288 3716 q'nis
1319 3633 1450 3700 enimao

271 3735 397 3802 domino
420 3739 528 3820 mente,
546 3737 644 3801 eredit
666 3739 697 3826 et
720 3735 870 3802 facultate
885 3755 947 3802 non
963 3737 1084 3802 eredit?
1108 3737 1178 3824 quis
1194 3737 1249 3801 deo
1264 3736 1407 3802 animam

326 3957 536 4012 letdsaltam
556 3958 700 4012 exsultim
718 3973 790 4015 corr.
809 3975 843 4014 m.
862 3962 882 4013 2
900 3959 927 4012 A
1030 3958 1220 4013 9faoneranti
1237 3957 1292 4013 ΑΒ
1313 3963 1349 4024 <et
1366 3957 1411 4012 aie

270 4043 332 4112 fere
349 4044 449 4114 ubique
465 4045 497 4100 io
514 4046 564 4102 boe
582 4045 665 4101 uerbo
683 4051 709 4100 et
727 4043 880 4115 demtos).
972 4044 1109 4102 ,redibitio
1127 4044 1190 4100 AB.
1289 4057 1407 4100 eommo-

271 4128 388 4198 dmitos,
416 4131 451 4197 ef.
467 4147 497 4200 o.
511 4134 623 4199 26a21
727 4131 760 4188 14
778 4129 842 4185 fides
861 4147 896 4190 ea
913 4131 976 4190 fidis
994 4146 1064 4187 corr.
1082 4133 1149 4186 Μ
1167 4131 1223 4185 AB
1328 4129 1363 4183 lo
1379 4132 1416 4184 et.

272 4215 373 4274 frustra
391 4216 418 4269 B
437 4219 536 4282 (eterra
550 4220 586 4281 A,
604 4219 677 4286 quod
690 4217 929 4288 Habntwmfugit)
1017 4217 1202 4286 disperatAB
1294 4215 1328 4270 20
1345 4231 1411 4272 enm

272 4298 407 4354 faeturnm
422 4301 467 4356 ed.
485 4301 626 4358 Balanitae·
724 4302 758 4356 24
780 4303 834 4372 his]
858 4303 896 4357 eis
921 4301 962 4358 ed
983 4303 1118 4360 Boluaiaa
1220 4302 1254 4356 31
1278 4301 1330 4356 doio
1347 4316 1369 4357 a.
1389 4301 1415 4356 l.

272 4401 306 4443 m.
325 4391 341 4440 1
359 4386 424 4444 ooo.
442 4387 470 4444 A
