3132 5096
288 473 330 540 82
773 471 932 526 Saluiaui

289 661 482 728 merentibus
510 663 657 746 praestat.
693 661 722 726 si
744 661 829 726 euim
850 659 967 726 sanetis
990 663 1022 724 et
1044 662 1121 727 bene
1142 659 1264 726 meritis
1285 660 1418 742 praesbi-

290 765 397 846 tiseet‚
420 785 481 832 nou
503 764 669 831 uidebatur
691 782 770 847 quae
792 782 855 830 nou
879 761 1029 830 debuerat
1049 761 1242 846 praestitisse
1264 763 1319 828 aed
1340 780 1420 845 quoe

290 867 439 935 debuerat
459 867 644 934 reddidisre.
680 868 755 950 quid
777 885 851 952 ergo
874 885 929 934 noe
952 883 1007 950 pro
1031 866 1081 932 hie
1103 865 1247 932 omnibus
1267 865 1419 933 retribui·

289 989 360 1036 mus
376 971 427 1038 uel
440 971 546 1054 potius
561 970 637 1054 quid
651 969 824 1036 retribuere
841 969 1016 1037 debemus?
1037 970 1176 1064 priapum
1191 969 1314 1036 aoilioet
1327 969 1419 1049 illud,

289 1073 371 1159 quod
399 1074 599 1143 beatissimus
627 1074 780 1159 propbeta
809 1076 842 1139 et
871 1072 982 1140 debere
1008 1092 1042 1140 ee
1065 1073 1099 1138 et
1127 1072 1324 1138 redditurum
1354 1089 1457 1138 essee

289 1178 425 1245 testatur
454 1177 576 1244 dans:
605 1176 701 1260 quid
727 1175 952 1243 retribuam
973 1176 1128 1243 domiuo
1149 1195 1215 1260 pro
1237 1174 1420 1242 omnibus

290 1300 387 1365 quae
409 1281 606 1348 retribuit
628 1280 751 1346 mibi?
773 1281 939 1347 oalioem
961 1279 1152 1347 salutarie
1168 1281 1359 1364 aooipiam
1381 1279 1422 1345 ot

238 1380 427 1452 bonomeu
450 1383 596 1452 domini
618 1384 820 1453 iuuoeabo.
856 1385 958 1468 prima
980 1400 1053 1468 ergo
1074 1383 1151 1450 bueo
1171 1383 1337 1450 retributio
1361 1387 1419 1467 est,

290 1491 327 1554 ut
348 1489 484 1555 mortem
505 1490 607 1554 morte
634 1489 801 1555 reddemus
829 1507 865 1554 eo
894 1506 951 1572 pro
972 1506 1019 1568 eo,
1048 1485 1102 1570 qui
1128 1488 1273 1552 mortuus
1295 1487 1344 1552 eet
1364 1505 1421 1571 pro

290 1591 390 1675 nobie,
411 1609 468 1658 nos
491 1592 663 1657 moriamur
685 1610 799 1666 omnes,
823 1592 952 1659 tametsi
966 1591 1096 1657 minoris
1111 1590 1211 1656 multo
1226 1589 1322 1672 pretii
1336 1607 1457 1656 moreio

292 1697 398 1760 nostra
420 1695 469 1759 est
490 1711 586 1776 quam
608 1712 674 1760 aua
705 1711 766 1775 quo
788 1692 825 1759 fit
844 1694 891 1774 ut,
914 1694 1038 1760 etiamsi
1053 1697 1187 1758 mortem
1202 1691 1421 1778 suscipiamus,

291 1797 436 1864 debitum
457 1800 565 1862 tamen
587 1813 650 1863 nou
671 1798 880 1864 exsoluamus.
911 1797 965 1864 aed
980 1800 1087 1864 tamen
1102 1796 1177 1879 quia
1189 1798 1292 1862 maius
1306 1795 1422 1862 referre

291 1919 355 1967 uon
368 1919 542 1984 possumus,
562 1901 667 1966 totum
681 1901 809 1968 reddere
823 1901 978 1982 uidemur,
1000 1901 1029 1966 si
1044 1901 1147 1967 totum
1162 1900 1244 1983 quod
1258 1917 1422 1985 possumus

240 2002 282 2069 bl
292 2003 420 2071 reddere
443 2004 619 2070 reddamus.
652 2005 759 2087 itaque
779 2004 891 2088 puina,
914 2006 952 2071 ut
973 2003 1045 2081 dixi,
1074 2005 1152 2071 haee
1174 2002 1341 2071 redhibitio
1364 2006 1422 2069 eet.

293 2108 427 2174 amanda
450 2107 555 2174 eutem
577 2109 623 2185 ut,
646 2108 674 2172 si
695 2108 837 2173 debitum
851 2111 953 2174 morte
974 2126 1036 2175 non
1058 2107 1220 2186 soluimus,
1243 2107 1296 2172 uel
1318 2125 1458 2173 emerere

293 2210 465 2278 abluamus.
499 2231 573 2278 nam
595 2211 663 2294 ipse
685 2211 824 2278 saluator
845 2212 924 2291 ideo,
947 2213 985 2277 ut
1002 2212 1048 2277 ait
1068 2211 1239 2296 apostolus,
1262 2211 1423 2276 moriendo

293 2333 349 2398 pro
370 2316 459 2382 uobia
482 2315 697 2382 oommendare
710 2314 854 2381 omuibus
875 2315 979 2381 uoluit
1000 2315 1164 2380 caritatem
1186 2332 1286 2395 auam,
1308 2316 1346 2380 ut
1367 2332 1424 2380 nos

293 2420 334 2486 ad
355 2419 543 2486 reddendam
565 2419 680 2503 pietati
701 2421 810 2485 tautae
830 2417 1082 2486 uicissitudinem
1110 2419 1239 2503 pietatis
1261 2436 1337 2484 suae
1357 2418 1424 2484 tra-

292 2522 382 2590 heret
414 2525 563 2607 exemplo.
600 2525 633 2588 et
662 2522 747 2589 sieut
779 2522 851 2588 illae
885 2526 1014 2590 naturae
1048 2523 1250 2589 admirabiles
1283 2539 1424 2608 gemmas

292 2625 409 2706 ferunt,
431 2645 510 2709 quae
531 2626 612 2691 ferro
633 2627 760 2711 propius
784 2627 929 2692 admotae
944 2627 1147 2693 durissimum
1169 2626 1244 2692 lieet
1267 2624 1460 2692 obalibemao

292 2728 407 2795 affeetu
429 2729 518 2814 quasi
540 2729 680 2814 spirante
694 2730 899 2812 suspendunt,
921 2730 969 2797 ita
987 2731 1085 2796 etiam
1101 2731 1166 2814 ilie,
1188 2730 1221 2796 id
1237 2734 1285 2795 est
1300 2747 1425 2795 summa

293 2833 326 2897 et
347 2832 522 2899 clarissima
543 2850 708 2916 regnorum
731 2833 916 2900 caelestium
937 2851 1074 2916 gemme,
1096 2834 1155 2900 boe
1177 2832 1300 2898 adlidet
1321 2831 1426 2898 uoluit

293 2936 338 3016 ut,
361 2935 493 3022 dum-oe
515 2934 590 3002 lieet
612 2936 788 3004 durissimis
811 2939 899 3005 nobie
921 2938 1111 3004 deseendene
1134 2937 1172 3003 de
1190 2937 1275 3014 eaeb
1297 2935 1423 3019 propius

293 3039 487 3122 adiungeret,
520 3038 649 3105 affectui
682 3058 738 3106 suo
764 3058 821 3107 noa
849 3040 939 3124 quasi
972 3042 1085 3106 ameria
1114 3039 1164 3106 eui
1193 3040 1339 3107 manibus
1369 3038 1425 3105 ad-

292 3145 444 3224 moueret,
477 3142 514 3207 ut
542 3144 746 3227 agnoscentes
779 3143 889 3226 ubique
921 3142 1003 3208 dona
1035 3161 1091 3210 sua
1121 3161 1157 3210 ae
1191 3143 1341 3210 beneficia
1373 3144 1460 3208 iare

396 3312 504 3367 ersa
524 3313 582 3381 115,
600 3313 635 3367 12

347 3470 363 3521 1
391 3468 512 3523 meubua
533 3469 655 3538 praestat
679 3470 708 3522 A
810 3470 827 3523 b
854 3468 982 3540 propbeta
1000 3469 1026 3523 ei
1043 3467 1139 3524 debere
1165 3468 1193 3523 Β
1296 3469 1314 3523 9
1340 3469 1426 3524 morte

294 3553 378 3609 morti
396 3569 431 3610 ea
446 3557 533 3609 morea
550 3557 638 3609 morte
654 3554 683 3607 A
699 3569 771 3611 eorr.
788 3558 859 3610 aaz
955 3554 1014 3626 qui]
1032 3553 1105 3625 quod
1121 3555 1149 3609 Β
1254 3555 1288 3609 13
1305 3553 1426 3609 redibere

295 3645 374 3708 <post
391 3644 543 3711 poaaumua)
561 3641 590 3696 Β
688 3640 723 3695 14
739 3641 892 3712 reddemus]
911 3641 985 3711 qoud
1001 3642 1035 3698 io
1052 3641 1113 3697 edd.
1131 3646 1199 3697 onte
1212 3641 1359 3696 Hoboirme
1376 3657 1425 3710 op-

292 3732 374 3794 poree
396 3742 521 3782 eumenus
543 3727 715 3782 Bruoaieono
741 3726 855 3782 ἀοίκων
878 3728 927 3796 qui
948 3728 988 3783 oio
1009 3728 1121 3796 abripuit
1142 3728 1175 3782 in
1196 3743 1253 3783 roo.
1270 3727 1348 3783 aoeie
1365 3725 1425 3782 red·

294 3812 390 3868 damua
413 3813 485 3870 ina
586 3811 715 3868 redibitio
740 3827 775 3868 er
796 3811 928 3868 redebitio
949 3813 977 3866 A
995 3828 1064 3868 oorr.
1083 3815 1157 3868 Μ
1183 3813 1311 3869 redibitio
1328 3813 1357 3870 Β

296 3900 328 3954 17
352 3899 441 3956 uoluit
463 3899 589 3954 omuibus
612 3898 640 3954 Β
749 3899 784 3954 18
804 3899 901 3970 pietati
924 3901 1020 3956 tautae
1042 3899 1259 3956 uicissitudinem
1281 3899 1426 3956 Halmius:

295 3985 425 4052 pietatem
448 3987 527 4054 tante
548 3985 746 4041 uieiadtudinia
768 4001 805 4041 ee
826 3985 956 4056 pietatem
979 3987 1057 4040 toute
1078 3986 1294 4042 uieiaaitudinem
1310 3987 1339 4040 A
1356 4001 1427 4044 em.

295 4074 366 4127 nae
397 4070 529 4140 pietatem
550 4072 630 4125 tanta
652 4071 840 4152 uiciaeitudiue
861 4070 891 4127 Β
914 4071 969 4140 (of.
996 4071 1043 4128 VI
1059 4075 1099 4129 27
1121 4073 1285 4143 praeclaram
1308 4074 1426 4143 maioni

294 4156 354 4210 eiua
371 4157 589 4214 uicissitudinem
606 4155 748 4212 reddimua’
766 4157 907 4234 Halmiua)
1017 4159 1051 4214 19
1069 4161 1197 4231 example.
1214 4163 1243 4215 eb
1260 4175 1312 4216 ora
1328 4159 1358 4215 Β

297 4242 467 4302 admirabiles
484 4262 521 4302 eor
539 4245 618 4301 -bilie
635 4245 663 4300 A
681 4261 749 4302 σου,
768 4262 803 4302 m.
821 4250 842 4302 2
868 4245 1049 4302 ammirabiles
1065 4245 1094 4302 Β
1198 4247 1233 4302 20
1249 4249 1373 4304 admotae
1391 4262 1426 4304 ea
1552 4213 1553 4234 i

297 4329 544 4401 admodeAeorr.
562 4333 636 4408 ”²ae2
701 4309 945 4389 ea'oaolaeium
962 4334 1072 4390 fflmma
1089 4332 1242 4404 gemmaB
1346 4334 1425 4390 24⁸·

298 4415 886 4476 ieetuiuii.fe.aer.oo.2AaffeotuB
989 4421 1229 4479 auiAa.i.m.1
