3172 5098
504 504 541 557 ad
560 505 735 559 ecclesiam
759 504 805 559 Ill
827 505 971 573 §no-45.
1241 507 1305 574 283

172 711 320 758 omnesne
354 715 425 761 cnm
460 695 534 759 filiis
562 714 600 760 an
631 713 736 760 omnes
768 694 836 760 sine
869 696 941 760 filiis
975 696 1115 761 fuerint?
1148 699 1303 773 neutrum,

172 797 295 880 opinor;
331 799 418 864 nnlle
448 801 529 864 enim
561 799 709 865 ecclesiae
738 800 828 882 plebs
858 801 907 864 est
933 815 993 864 non
1016 800 1055 864 de
1076 801 1210 883 utroque
1231 817 1304 881 per·

171 903 279 966 mixta.
325 903 509 984 intellegere
543 921 617 986 ergo
653 905 785 985 possunt
823 902 1008 985 quicumque
1044 920 1080 966 en
1113 899 1304 967 Christianis

171 1003 254 1068 filios
277 1022 338 1070 non
360 1005 485 1083 hebent,
509 1005 559 1070 cni
575 1006 750 1087 relinquere
765 1006 960 1070 substantias
976 1023 1049 1070 snas
1064 1005 1206 1088 debeant,
1231 1023 1304 1070 cnm

149 1109 300 1175 suideent
322 1110 372 1173 cui
395 1109 577 1192 reliquerint
600 1114 677 1174 tnnc
699 1110 749 1175 illi
764 1111 845 1175 filios
861 1128 923 1174 non
939 1108 1100 1174 habentes.
1131 1109 1180 1172 sin
1197 1111 1304 1174 eutem

172 1211 298 1292 habent,
321 1212 445 1276 discant
467 1213 542 1295 quid
566 1213 661 1279 etiam
683 1216 767 1297 ipsos
791 1213 932 1296 oporteat
950 1214 1061 1291 lacere,
1086 1230 1159 1276 cum
1175 1211 1304 1276 uideant

171 1319 247 1381 tunc
269 1317 413 1398 parentes
436 1335 573 1381 amorem
596 1318 645 1383 dei
669 1319 743 1384 filiis
766 1319 960 1402 praetulisse.
998 1315 1095 1382 habet
1117 1316 1213 1399 igitur
1236 1311 1358 1381 om·44

171 1420 219 1485 nis
241 1421 329 1484 aetas
351 1419 446 1484 hebet
468 1420 570 1485 omnis
594 1420 734 1487 condicio
751 1423 832 1504 quod
856 1423 1020 1504 sequatur:
1045 1420 1232 1503 quicumque
1256 1422 1304 1483 est

170 1522 328 1605 particeps
350 1523 423 1588 fidei
447 1525 632 1608 participem
655 1545 688 1590 se
703 1526 786 1591 beati
810 1525 908 1590 iaciat
930 1524 1076 1607 exempli.
1107 1523 1205 1588 siilli
1228 1523 1304 1586 tunc

136 1629 209 1691 roob
243 1626 336 1691 deum
370 1627 521 1691 donantes
555 1628 660 1693 omnia
693 1647 751 1694 sna
783 1629 881 1693 etiam
908 1645 943 1692 se
970 1628 1052 1712 ipsos
1081 1626 1305 1692 exheredauere

171 1731 324 1807 uiuentes,
348 1731 458 1796 discite
480 1748 547 1809 uos,
572 1749 770 1813 quaesumus,
793 1729 875 1796 bona
896 1735 1002 1797 uestra
1024 1732 1075 1796 uel
1098 1730 1158 1813 ipsi
1181 1729 1304 1795 heredi·

171 1833 239 1898 tare
262 1833 439 1899 morientes.
477 1835 599 1919 oportet
621 1836 734 1918 qnippe
757 1853 824 1919 uos,
847 1835 927 1900 mihi
950 1835 1075 1912 credite,
1103 1835 1199 1900 etiam
1221 1834 1305 1898 inter

171 1935 253 2001 filies
287 1939 406 2003 nosnos
439 1938 552 2002 salutis
586 1938 823 2022 animarumque
857 1939 1032 2002 uestrarum
1060 1955 1121 2003 nou
1150 1935 1303 2002 obliuisci.

170 2041 343 2122 propinqua
371 2043 454 2106 enim
481 2043 587 2106 uestra
614 2042 744 2124 pignora
773 2060 853 2106 esse
870 2039 959 2128 uobis
983 2043 1015 2105 et
1047 2040 1304 2106 coniunctissima

136 2145 247 2210 assatis
270 2147 391 2210 cert-um
414 2148 479 2210 est:
510 2146 574 2223 sed,
604 2146 683 2210 milri
707 2145 833 2220 credite,
864 2163 956 2212 nemo
978 2143 1067 2211 nobis
1090 2144 1302 2228 propinquior,

171 2265 263 2312 nemo
287 2248 477 2314 coniunctior
492 2267 586 2330 qnam
603 2250 746 2331 nosipsi.
773 2253 876 2314 amate
892 2249 1007 2331 itaque,
1032 2268 1093 2313 non
1108 2247 1302 2326 obsistimus,

170 2355 276 2416 amate
305 2351 394 2417 filios
418 2357 549 2428 uestros,
584 2355 637 2418 sed
666 2357 771 2418 tamen
795 2353 927 2417 secundo
951 2370 970 2416 a
991 2351 1083 2416 uobis
1106 2352 1223 2434 gradu:
1257 2352 1304 2415 ita

170 2454 243 2520 illos
273 2453 406 2539 diligite,
439 2475 476 2522 ne
500 2475 557 2522 uos
587 2457 688 2522 odisse
718 2455 905 2533 uideamini3
939 2453 1138 2520 inconsultus
1168 2472 1304 2536 nomque

172 2560 205 2623 ot
227 2558 345 2623 stultus
378 2577 465 2626 amor
500 2561 550 2626 est
582 2559 713 2626 alterius
748 2577 867 2624 memor
898 2561 929 2623 et
959 2557 1007 2624 sui
1029 2559 1193 2623 inmemor.
1231 2574 1303 2622 non

135 2663 369 2743 acaccipiet,
404 2662 508 2745 inquit
540 2662 697 2747 scriptura
729 2681 832 2746 sacra,
870 2662 1137 2744 iniquitatem
1174 2661 1303 2743 patris

171 2765 311 2844 filius,
340 2783 462 2849 neque
492 2769 605 2848 peter
634 2766 807 2849 accipiet
836 2765 1097 2847 iniquitatem
1124 2764 1209 2828 iilii
1232 2763 1303 2828 sui.

172 2874 204 2935 et
225 2869 384 2951 apostolus
406 2888 503 2934 unns
526 2869 706 2952 quisque,
728 2869 844 2952 inquit,
867 2870 1302 2951 prepriumonnssnum

170 2973 366 3056 portabit.

214 3111 269 3178 Xl.
300 3111 440 3179 Relictae
464 3115 570 3195 itaque
598 3111 672 3178 liliis
703 3112 832 3178 diuitiae
856 3115 1000 3195 parentes
1023 3131 1084 3177 non
1107 3111 1240 3176 liberant
1265 3109 1356 3179 de45

136 3216 385 3293 remendicitate,
414 3217 511 3282 immo
535 3218 644 3282 relicta
668 3217 860 3281 inmoderate
884 3215 958 3280 filiis
981 3215 1114 3283 facultas
1137 3214 1303 3297 parentum

172 3325 220 3384 est
243 3323 434 3402 sempiterna
455 3319 650 3402 mendicitas,
675 3338 711 3384 ac
733 3339 787 3402 per
810 3318 869 3384 hoc
892 3317 970 3384 nulli
992 3317 1177 3403 parentibus
1202 3317 1303 3402 magis

259 3536 421 3594 ¹19Eueoh.
443 3539 535 3606 lano
638 3537 830 3604 andalae
931 3490 934 3506 Ι

225 3747 239 3799 1
259 3762 292 3799 an
311 3762 344 3800 ecc
361 3761 393 3800 ac
410 3761 481 3800 corr.
499 3763 533 3799 m.
552 3751 570 3800 2
587 3745 615 3800 Β
714 3745 730 3799 5
749 3744 926 3814 relinquerint
944 3744 971 3798 B
1071 3745 1086 3798 7
1105 3760 1220 3800 amorem
1239 3744 1303 3798 liliis

171 3835 283 3901 (poert.
302 3835 326 3886 is
345 3839 370 3888 ot
388 3850 408 3890 a
427 3849 478 3887 scr.
496 3848 531 3888 m.
550 3835 572 3888 2
589 3836 676 3898 orum)
700 3831 742 3888 dei
759 3831 825 3886 filiis
843 3833 871 3884 A
894 3835 921 3886 et
938 3830 1024 3886 deleto
1037 3831 1134 3899 priore
1151 3830 1217 3886 liliis
1235 3847 1268 3886 m.
1288 3835 1304 3885 1

170 3921 199 3980 B
240 3947 243 3954 ·
297 3918 384 3987 igitur
402 3935 422 3972 a.
443 3918 461 3973 Ι.
480 3917 545 3972 odd.
563 3920 630 3974 m
647 3918 693 3974 uel
710 3922 726 3972 1
745 3919 773 3972 A
871 3916 904 3970 la
918 3921 983 3984 poet
1000 3915 1144 3972 morientes
1158 3931 1181 3984 p
1198 3921 1224 3970 et
1241 3915 1303 3970 odd.

171 4011 237 4060 cote
255 4005 410 4064 Halmiomr
428 4021 498 4074 queo
513 4003 628 4072 quidem,
646 4009 679 4058 ut
696 4003 761 4070 dixi,
777 4004 859 4058 etiam
878 4015 969 4067 unqe
987 4001 1139 4056 fidelissimi
1156 4001 1242 4066 (iufld
1260 4001 1303 4058 ed.

171 4092 317 4157 Bolerion)
331 4094 463 4160 parentes,
483 4090 613 4150 undosius
626 4091 812 4158 attentiusque
825 4104 873 4157 pro
885 4088 962 4142 uobis
974 4087 1101 4146 conuenit
1112 4088 1234 4156 cogitare

171 4177 347 4246 inpropriae
366 4178 393 4231 A
487 4179 522 4235 25
539 4177 633 4236 relicta
652 4177 693 4230 Βι
711 4176 805 4230 relicto
823 4174 861 4230 od
878 4189 895 4230 o
912 4176 955 4230 lit.
974 4174 1089 4242 capion
1106 4189 1121 4227 o
1137 4190 1172 4226 m.
1187 4178 1212 4239 1,
1230 4189 1303 4242 quoe

172 4263 250 4324 noel
267 4278 296 4318 cc
320 4264 400 4331 (quoe
417 4263 526 4321 lituae
543 4264 634 4329 formo
657 4267 756 4330 aperio
776 4277 860 4328 saepe
878 4266 903 4316 et
920 4261 952 4316 ia
967 4261 1017 4314 hoc
1034 4259 1094 4314 cod.
1112 4260 1233 4314 sociarit
1251 4260 1305 4326 cfr·

134 4419 137 4422 Ι
174 4349 329 4404 Sita-Ber.
345 4365 376 4417 p.
396 4351 425 4418 7)
445 4349 565 4418 piapere
587 4348 677 4404 uoluat
694 4349 766 4416 (erpo
782 4363 842 4400 ona
859 4361 890 4400 ae
907 4351 942 4402 nt
957 4345 1035 4413 apoc
1051 4345 1206 4411 Halmium)
1226 4350 1252 4400 et
1269 4362 1305 4400 m.

173 4437 200 4500 2,
218 4440 249 4488 ut
267 4436 354 4505 mepte
371 4440 470 4503 aperta
487 4435 628 4502 scripturo
645 4439 721 4498 aaa,
737 4449 760 4488 a.
778 4447 829 4488 scr.
843 4449 865 4494 ,a
