3172 5098
273 493 335 561 278
760 489 921 545 Saluiani

274 683 472 767 inreligiosae
495 682 609 746 mentis
630 681 810 766 ingenium!
841 683 962 748 inuenit
983 699 1043 765 quo
1066 683 1225 748 uideretur
1247 683 1321 748 liliis
1345 688 1410 752 suis

274 789 392 853 maiore
426 803 501 868 erga
534 786 627 850 deum
661 802 718 850 sua
750 786 901 867 inpietate
935 786 1106 850 consulere.
1150 786 1223 852 lecit
1257 788 1340 853 enim
1374 792 1411 854 ut

274 892 382 958 sancta
415 890 538 955 suboles
571 907 665 953 nsum
697 907 802 954 rerum
835 889 953 954 babens
986 890 1035 954 ius
1065 909 1171 955 rerum
1200 907 1261 954 non
1290 891 1408 956 habens

275 996 363 1077 quasi
390 993 528 1076 locuples
556 991 685 1074 quidem
712 992 843 1075 uiueret,
873 992 927 1058 sed
950 993 1039 1075 quasi
1063 994 1203 1060 mendica
1224 998 1409 1078 moreretur,

274 1115 311 1164 ac
333 1098 380 1162 sic
394 1097 527 1162 testator
541 1095 779 1162 infidelissimus
797 1096 892 1178 plena
907 1096 945 1161 de
959 1097 1017 1164 hoc
1040 1101 1156 1164 mundo
1172 1102 1275 1180 pessel
1290 1097 1409 1164 securi-
1434 1122 1448 1164 1

274 1203 339 1266 tate
362 1199 529 1276 discedere,
559 1217 631 1263 cum
653 1198 748 1263 sciret
771 1200 807 1264 de
830 1217 884 1264 suo
907 1202 946 1265 ad
969 1201 1065 1266 deum
1092 1201 1218 1284 penitus
1246 1202 1409 1285 peruenire

274 1304 320 1369 nil
348 1321 448 1387 posse.
488 1301 632 1386 quamuis
660 1302 692 1367 in
720 1303 779 1368 hoc
808 1305 885 1385 ipso,
908 1306 988 1384 quod
1019 1304 1211 1386 supradixi,
1240 1325 1295 1388 per
1316 1324 1410 1371 usum

272 1426 379 1473 rerum
408 1408 549 1489 aliquam
577 1405 659 1472 lilios
682 1406 845 1490 religiosos
868 1426 962 1490 opum
984 1409 1157 1492 imaginem
1180 1409 1345 1492 possidere,
1369 1428 1410 1474 na

272 1512 331 1576 hoc
358 1511 402 1575 sit
430 1510 571 1594 quidem,
600 1512 674 1594 quia
702 1512 762 1578 etsi
790 1530 865 1576 usus
894 1511 1020 1577 uidetur
1042 1511 1161 1594 aliquid
1183 1511 1304 1590 habere,
1334 1529 1411 1577 oon·

272 1616 403 1681 scientia
433 1618 539 1681 tamen
574 1632 636 1679 non
672 1615 778 1693 habot;
814 1633 905 1682 nemo
937 1617 1021 1680 enim
1050 1616 1156 1700 potest
1185 1635 1217 1681 se
1244 1615 1296 1681 uel
1318 1615 1448 1684 brouirc

273 1718 406 1785 diuitem
429 1718 562 1797 credere,
587 1720 641 1801 qui
664 1720 727 1785 scit
749 1739 782 1785 sc
804 1721 964 1802 proprium
988 1721 1034 1785 nil
1056 1719 1179 1786 habere.

221 1840 261 1906 31
316 1840 388 1905 VII.
419 1837 499 1918 Quid
530 1839 607 1924 agis,
638 1841 816 1905 miserrima
844 1839 1014 1905 infidelitas
1039 1843 1071 1904 et
1093 1841 1272 1924 paganicae,
1301 1844 1339 1908 ut
1360 1843 1408 1909 ita

273 1944 414 2027 dixerim,
445 1941 698 2026 inreligiositatis
729 1946 836 2008 error?
869 1945 954 2010 itane
976 1946 1101 2009 tantum
1125 1945 1220 2011 odisti
1243 1946 1346 2025 deum,
1371 1949 1408 2012 ut

273 2048 372 2131 possis
395 2047 491 2112 etiam
509 2045 591 2112 filios
606 2050 676 2112 tuos
693 2047 731 2112 ob
749 2048 959 2126 hortantum,
983 2050 1057 2130 quia
1072 2049 1111 2114 ad
1128 2050 1219 2114 deum
1236 2049 1407 2132 pertinent,

272 2170 335 2217 non
351 2155 481 2218 amare?
496 2153 626 2218 meliore
641 2153 724 2218 enim
739 2153 917 2218 condicione
933 2153 1058 2236 qnidam
1077 2154 1259 2235 relinquunt
1274 2152 1408 2219 libertos
1420 2179 1447 2220 11

273 2273 345 2321 suos
369 2275 461 2339 qnam
485 2260 521 2322 tu
544 2257 692 2339 relinquis
716 2256 796 2322 filios
819 2260 901 2323 tuos.
936 2259 966 2322 in
992 2276 1050 2322 usn
1073 2258 1227 2340 siquidem
1251 2257 1408 2323 cotidiano

273 2365 320 2425 ost
342 2362 378 2425 nt
400 2364 494 2440 serui,
524 2365 582 2427 etsi
611 2381 674 2427 non
702 2362 840 2444 optimae
870 2363 954 2425 certe
976 2378 1038 2425 non
1062 2359 1210 2442 inprobae
1232 2363 1406 2444 seruitutis,

272 2464 412 2532 Romana
434 2485 453 2531 a
476 2467 610 2532 dominis
633 2467 778 2531 libertate
801 2465 965 2544 donentur,
995 2465 1029 2529 in
1052 2482 1114 2548 qua
1136 2466 1259 2530 scilicet
1281 2469 1313 2530 et
1336 2483 1407 2550 pro-

273 2573 441 2650 prietatem
463 2571 577 2652 peculii
601 2571 731 2653 capiunt
754 2577 785 2634 et
806 2571 853 2634 ius
869 2572 1145 2636 testamentarium
1161 2573 1407 2654 consequuntur,

273 2675 317 2739 ita
340 2675 377 2737 ut
399 2675 431 2737 et
453 2675 595 2738 uiuentes
626 2675 677 2738 cui
705 2675 819 2739 nolunt
848 2693 896 2739 res
926 2692 998 2738 suas
1026 2674 1154 2738 tradant
1183 2675 1214 2738 et
1235 2672 1445 2741 morientesao

272 2776 436 2841 donatione
465 2778 693 2843 transcribant:
722 2797 780 2863 nec
813 2778 915 2843 solum
947 2777 1015 2861 hoc,
1044 2778 1098 2841 sed
1122 2778 1243 2853 stilla,
1272 2795 1351 2858 quae
1374 2779 1408 2841 in

273 2879 426 2944 seruitute
448 2880 542 2961 positi
565 2881 809 2963 conquisierant,
832 2900 868 2947 er
889 2881 1086 2947 dominorum
1103 2881 1195 2945 domo
1210 2880 1322 2944 tollere
1344 2899 1408 2945 non

273 2985 431 3047 natantur.
475 2986 599 3050 tantum
629 2986 674 3050 eis
703 2986 864 3050 interdum
894 2986 997 3068 gratia
1025 2985 1176 3068 patronae
1205 2983 1408 3050 liberalitatis

272 3086 411 3168 inpertit,
438 3091 474 3153 ut
497 3090 593 3152 etiam
614 3088 677 3152 inri
699 3107 755 3154 suo
779 3089 927 3155 detrahat
955 3093 1035 3172 quod
1059 3088 1245 3154 libertorum
1268 3086 1408 3154 dominio

220 3181 263 3247 32
273 3188 433 3274 largiatur.
468 3192 595 3274 quanto,
618 3210 636 3256 o
652 3194 793 3277 quisquis
814 3193 869 3258 ille
886 3211 918 3258 es
933 3192 1152 3258 infidelissime
1166 3193 1264 3275 pater,
1288 3195 1443 3274 quantos

273 3294 400 3359 domini
421 3295 470 3360 illi
497 3297 611 3360 melius
636 3315 707 3361 cum
737 3295 861 3363 libertis
884 3301 984 3382 agunt
1008 3314 1102 3379 quarn
1125 3297 1161 3360 tu
1184 3315 1257 3360 cum
1280 3294 1406 3360 liberis!

273 3396 322 3463 illi
344 3417 422 3480 quae
445 3399 561 3465 donant
583 3405 732 3485 perpetuo
750 3400 818 3467 iure
833 3404 951 3468 donant
966 3403 1002 3466 tu
1018 3401 1220 3484 temporario:
1244 3400 1292 3465 illi
1308 3400 1407 3466 testa-

324 3657 570 3726 linreligioaacs.
588 3674 606 3710 n
624 3673 675 3712 scr.
694 3674 759 3712 rm
771 3662 791 3712 2
808 3659 836 3713 B
935 3658 1042 3712 uidetur
1062 3659 1089 3712 B
1184 3653 1322 3713 uideretur
1339 3658 1406 3712 liliis

272 3744 373 3798 snisA
392 3745 746 3816 (praememoratam),
774 3746 913 3819 filiissnis
931 3746 986 3800 nid„
1005 3747 1032 3802 B
1135 3745 1277 3802 3sobolea
1296 3763 1330 3804 eo:
1347 3746 1406 3802 sub.

271 3845 341 3884 corr.
359 3847 393 3884 m
412 3833 432 3884 2
457 3832 485 3884 A
514 3832 617 3886 soboles
641 3832 669 3887 B
772 3833 1102 3901 4qnasi(postsod)s.
1121 3832 1220 3886 111111.
1239 3833 1406 3888 11111112

270 3917 299 3972 A
384 3919 509 3986 bpossct
525 3919 635 3986 scripsi:
660 3919 747 3987 possit
764 3919 956 3974 ABHulma'ua
1042 3919 1287 3976 tconscientiaou
1301 3920 1405 3974 conada

271 4021 339 4060 corr.
359 4008 424 4058 m.2
440 4003 468 4058 A
560 4005 594 4058 13
611 4004 713 4074 irrelig.
732 4022 766 4060 coc
784 4005 892 4075 inrolig.
911 4021 981 4071 corr.
997 4009 1064 4059 m.2
1081 4005 1109 4060 B
1202 4006 1235 4061 15
1252 4005 1405 4062 condicione

271 4091 705 4146 caconditionaruowrucorr.A
793 4093 826 4146 16
844 4091 986 4162 siqnidem]
999 4092 1106 4161 quidem
1119 4092 1147 4145 Β
1235 4094 1268 4147 17
1288 4092 1404 4147 obtimae

272 4178 299 4232 Β
325 4179 425 4246 optime
437 4194 478 4232 *ex
495 4178 596 4246 optima
615 4181 656 4244 (ut
673 4179 767 4232 mutim
784 4178 895 4248 inprobo
913 4194 947 4232 aar
964 4178 1086 4247 inproba)
1105 4194 1208 4232 rasura
1219 4194 1290 4233 corr.
1310 4179 1337 4233 A

270 4264 304 4316 21
321 4264 518 4319 transscribant
535 4263 563 4318 B
650 4264 684 4319 25
701 4264 902 4320 infidelissimos
919 4266 947 4318 A
1034 4266 1067 4320 26
1085 4267 1117 4320 tu
1130 4281 1178 4320 con
1195 4263 1291 4319 liberis
1308 4265 1337 4318 B

270 4349 305 4402 27
323 4349 418 4416 illique
435 4365 455 4402 a.
468 4366 521 4406 scr.
532 4352 600 4404 m.2
618 4349 688 4418 quod
707 4350 734 4404 R
828 4351 987 4420 temporario
1007 4367 1041 4404 aa
1061 4349 1114 4404 ·ria
1132 4366 1204 4405 corr·
1222 4353 1291 4405 aa2
1308 4350 1336 4405 B

270 4436 428 4489 testamenti
446 4451 481 4489 eac
499 4438 542 4490 -to
561 4441 588 4490 et
605 4437 700 4491 statim
717 4436 826 4490 libertis
844 4453 878 4491 cor
895 4437 1032 4492 libertatis
1050 4453 1121 4493 corr.
1138 4453 1173 4492 m.
1191 4439 1212 4491 11
1229 4437 1258 4492 Β
