3132 5096
451 415 501 494 ¹(le
518 439 653 510 gubern.
671 440 725 496 dei
746 440 786 497 VI
808 440 951 506 sas-38.
1211 445 1274 512 135

146 631 229 697 solus
258 631 348 698 nobis
370 632 405 698 in
426 632 655 716 comparatione
683 631 824 704 omnium
852 632 929 698 oeus
958 632 1032 700 uilis
1060 637 1116 702 est.
1140 633 1271 716 deniquo
1285 633 1326 702 32

146 739 268 819 prester
290 735 362 815 alin,
385 753 464 818 quoe
484 735 518 802 io
539 735 683 818 probunt,
707 733 826 800 indicet
847 734 905 802 hoc
927 736 1025 800 stiam
1041 735 1117 802 hooc
1132 751 1182 802 res
1205 737 1273 820 ipss

146 857 239 920 quem
261 838 340 904 dico.
372 839 401 904 si
417 840 538 921 querno
553 840 638 904 enim
654 841 801 920 euencrit,
818 838 901 920 quod
915 837 1035 906 scilicet
1050 857 1142 922 scope
1156 841 1275 920 euenit,

145 945 182 1010 ut
205 943 314 1010 eodem
336 942 385 1010 die
407 945 440 1008 et
462 941 621 1014 festiuitee
639 941 851 1011 ecclesiastice
866 942 898 1007 et
912 942 980 1008 ludi
993 942 1114 1024 publici
1129 948 1273 1026 agentur,

125 1064 258 1138 equeero
287 1046 326 1112 eb
356 1047 496 1112 omnium
530 1045 727 1123 conscientie,
762 1046 832 1127 quis
864 1044 951 1112 locus
983 1046 1116 1113 maiores
1139 1044 1274 1114 Ohristi·

145 1170 274 1220 unorum
297 1151 437 1216 uirorum
458 1147 564 1230 copies
592 1146 716 1226 hebent,
745 1165 839 1218 cuneo
864 1148 932 1217 ludi
954 1149 1073 1232 publici
1096 1152 1274 1217 mettium

145 1255 205 1334 dei,
235 1254 269 1318 et
290 1252 444 1334 templum
473 1269 580 1319 omnes
609 1252 709 1335 magis
737 1251 895 1318 sectentur
924 1270 966 1318 nn
987 1252 1158 1331 theatrum,
1187 1253 1272 1320 dicte

146 1356 378 1441 euangeliorum
410 1354 512 1439 magis
544 1354 679 1438 diligent
708 1373 748 1422 ou
769 1354 1023 1439 thymelicorum,
1059 1359 1155 1424 uerba
1188 1357 1273 1424 uitee

146 1480 186 1528 on
209 1463 305 1526 uerbo
326 1461 446 1534 mortis,
469 1457 567 1524 uerba
591 1455 771 1524 Christian
794 1459 890 1525 uerte
910 1459 1026 1526 mimi?
1060 1479 1122 1526 non
1144 1465 1193 1527 cet
1215 1461 1273 1527 du·
1284 1457 1326 1522 38

114 1564 234 1631 rebium
268 1564 344 1646 quin
375 1561 456 1628 illud
486 1562 588 1647 magis
619 1578 770 1641 ememus,
804 1561 886 1645 quod
919 1564 1148 1647 anteponimus.
1187 1564 1274 1630 omni

147 1670 231 1736 enim
254 1668 400 1734 feralium
414 1657 608 1734 ludicrorum
624 1665 685 1748 die,
708 1664 870 1747 quoslibet
883 1667 1033 1734 ecclesiae
1049 1667 1130 1734 feste
1144 1666 1269 1748 inerint,

145 1790 207 1839 nou
229 1772 330 1838 solum
357 1774 396 1837 ed
419 1768 583 1836 ecclesium
611 1787 674 1834 non
696 1771 831 1836 ueniunt
858 1770 912 1853 qui
935 1768 1126 1836 christianos
1149 1789 1182 1836 so
1205 1788 1273 1836 esso

146 1876 266 1954 dicunt,
295 1876 349 1940 ssd
373 1872 476 1955 siqui
498 1871 590 1939 inscii
613 1872 693 1940 forte
721 1872 870 1952 uenerint,
903 1873 980 1938 dum
1000 1873 1034 1940 in
1056 1873 1126 1955 ipse
1147 1873 1274 1938 ecclesie

146 1982 229 2056 sunt,
251 1979 278 2042 ei
299 1976 389 2045 ludos
411 1978 461 2058 egi
483 1977 626 2052 andiunt,
661 1975 824 2042 ecclesium
847 1976 1078 2059 derelinquunt.
1116 1975 1274 2059 spernitur

114 2081 194 2147 ndei
227 2080 392 2164 templum,
427 2080 465 2143 ut
497 2081 642 2145 curretur
675 2082 713 2146 ed
747 2079 922 2149 theatrum:
956 2079 1089 2146 ecclesie
1121 2080 1274 2146 uocuetur

148 2185 247 2252 circus
270 2184 438 2267 impletur:
467 2180 625 2250 Christum
653 2181 687 2246 in
715 2182 827 2250 alterio
850 2183 1053 2258 dimittimus,
1076 2188 1113 2248 ut
1136 2184 1275 2250 adulter-

147 2292 235 2354 entes
270 2288 340 2354 uisu
378 2285 588 2373 impurissimo
626 2287 731 2352 oculos
771 2287 960 2352 ludicrorum
1000 2287 1140 2370 turpium
1176 2286 1275 2353 iorni-

148 2394 266 2459 oetiorre
298 2408 471 2474 pascemus.
510 2394 542 2456 st
570 2389 638 2454 idco
666 2390 839 2458 rectissime
867 2391 907 2456 sd
935 2407 991 2456 nos
1025 2391 1167 2456 domiuus
1201 2390 1276 2454 deus

149 2495 237 2560 dicit:
274 2495 431 2578 propter
459 2493 697 2577 spurcitiem
733 2493 994 2559 exterminati
1021 2493 1121 2560 estis
1151 2495 1276 2558 exter·

116 2597 278 2664 ceminio.
306 2602 337 2663 st
360 2617 482 2664 rursum
505 2587 896 2664 ‘exterminabuntur'
918 2595 1021 2678 inquit
1041 2587 1141 2662 ‘eree
1162 2595 1276 2662 huius

150 2701 271 2767 rieus'.
663 2695 665 2699 ’

226 2884 323 2958 'rer
426 2903 500 2958 sor

199 3095 217 3148 3
233 3093 352 3158 euenerit
370 3093 430 3151 edd.
448 3100 474 3148 et
491 3094 635 3150 Halmius:
662 3096 770 3150 uenerit
787 3095 842 3150 AB
862 3099 923 3160 (usu
941 3094 974 3147 in
990 3109 1007 3147 o
1024 3092 1171 3160 assmpsit
1189 3106 1277 3162 mcrp.

149 3180 348 3236 Brcsetccoce:
376 3183 496 3236 suencrit
514 3197 570 3251 pro
591 3181 662 3236 enim
685 3181 790 3236 nouerit
806 3179 1020 3246 Raptorem-ricc)
1123 3177 1278 3246 ssepeuenit

148 3281 232 3336 super
250 3282 264 3320 e
281 3266 417 3322 semdae
439 3267 498 3338 opti,
523 3283 574 3324 scr.
597 3268 644 3323 ott.
669 3283 683 3322 e
704 3284 739 3323 m.
759 3271 775 3320 1
798 3268 825 3320 A
926 3265 993 3320 Aeo
1010 3280 1032 3321 s.
1050 3279 1102 3320 scr.
1118 3279 1152 3318 ne
1172 3279 1224 3318 rec.
1243 3265 1278 3320 de

148 3355 175 3408 A
191 3369 222 3407 eo
241 3353 269 3408 B
285 3355 361 3421 (iem
377 3371 406 3419 o,
434 3353 482 3409 red
503 3355 535 3409 ie
551 3371 637 3425 uturp.
655 3353 720 3410 cdd.
738 3353 798 3408 dom
816 3353 1012 3418 muscam)
1115 3352 1179 3408 ser
1195 3352 1212 3406 6
1230 3367 1277 3420 pu·

148 3438 214 3494 blici
231 3455 267 3494 ecc
283 3439 389 3509 publice
406 3440 433 3493 A
450 3455 520 3496 corr.
538 3442 609 3496 m
712 3440 727 3494 7
745 3439 847 3508 omnes]
867 3439 988 3492 hominos
1006 3438 1210 3494 Rittcrsimss'ur

148 3526 163 3579 8
181 3525 390 3581 thimcllioorum
407 3525 455 3580 sed
463 3527 558 3594 priore
576 3526 586 3579 i
603 3528 671 3582 Μ
687 3530 754 3580 met.
766 3526 798 3580 tec
815 3541 830 3580 s
847 3525 932 3580 stult.
950 3524 960 3578 l
975 3530 1073 3593 pum.
1090 3525 1118 3578 A
1136 3525 1179 3592 (tc
1192 3541 1278 3592 morp.

148 3626 180 3664 m.
198 3610 339 3664 recentior.
364 3611 479 3680 ptoesom
502 3611 565 3666 odd
595 3611 735 3664 hemmone
759 3611 870 3665 schenio.
895 3626 962 3664 mus.
982 3627 1003 3664 o.
1022 3611 1040 3664 i.
1059 3611 1077 3663 e'.
1097 3627 1118 3664 e.
1136 3609 1278 3678 thymelici

148 3699 212 3752 eunt
229 3695 327 3750 scenici
344 3697 441 3751 musici
458 3702 491 3750 ut
509 3703 550 3752 eet
567 3697 645 3765 opud
662 3696 730 3752 Icto
752 3696 799 3751 Or.
818 3700 861 3750 18.
881 3699 929 3762 47)
1033 3697 1065 3752 15
1083 3700 1277 3752 concurruntur

147 3782 174 3838 B
282 3783 315 3838 18
333 3787 399 3851 post
421 3797 560 3850 peccemus
582 3783 705 3852 sequitur
727 3783 869 3836 tutioris:
900 3786 993 3850 postea
1015 3783 1063 3836 sed
1085 3782 1213 3836 uidelicet
1230 3782 1278 3850 qui

149 3871 253 3938 (postes
276 3868 339 3924 cco.
363 3870 395 3923 in
418 3874 442 3934 o)
470 3869 664 3938 corrumpimur
686 3868 766 3924 rebus
789 3869 921 3937 prosperis
944 3868 1098 3924 feriendum
1121 3869 1224 3937 aliquid
1247 3868 1277 3922 in

148 3955 279 4024 principio
299 3957 435 4023 (putemus
453 3954 518 4010 add.
537 3956 569 4010 icc
586 3958 621 4021 c).
647 3955 721 4020 ‘hooc
745 3955 832 4008 cerba
855 3955 973 4010 &londo
991 3971 1046 4010 osec
1062 3955 1200 4012 intellec-it
1216 3953 1277 4008 Bc-

148 4042 258 4110 lesium
276 4040 349 4096 wem
365 4042 398 4095 isc
415 4041 536 4109 coempto
548 4041 708 4106 Pittoromo,
726 4041 799 4109 quod
816 4046 904 4096 eustoc
915 4042 948 4096 ie
961 4043 1024 4097 bibl.
1037 4042 1200 4097 Menoeceo
1211 4042 1279 4096 occe

148 4129 258 4182 mersit
281 4127 367 4182 uerbo
389 4127 436 4182 sed
460 4126 764 4197 uidelicet—prosperis
787 4128 980 4196 reportatur
999 4135 1150 4197 praecepto
1171 4143 1227 4182 esse
1244 4144 1279 4182 em

149 4213 207 4268 loco
223 4213 361 4279 inferiore
378 4230 399 4266 c.
418 4216 456 4268 12
473 4213 544 4268 init?
561 4213 700 4279 Halmius,
728 4215 806 4270 esoce
828 4213 862 4268 oe
878 4214 954 4280 fonte
974 4215 1033 4270 rell,
1051 4214 1198 4270 uerborum
1215 4231 1278 4270 eerr-

147 4301 265 4354 mertam
282 4300 314 4354 ie
332 4299 398 4362 adn.
416 4301 475 4354 crit.
494 4300 662 4367 propositam
676 4300 782 4366 partim
798 4301 986 4369 suppeterent
993 4301 1100 4374 partim
1111 4303 1280 4358 correctiores

147 4385 182 4438 tn
201 4384 352 4439 Situ-Ber.
366 4402 397 4453 p.
417 4388 499 4454 12rp.
605 4385 638 4438 19
656 4384 810 4452 spurcitiem
828 4387 855 4440 A
958 4386 1104 4440 extermino
1121 4386 1150 4441 Β
1226 4429 1231 4441 .
