3134 5098
474 514 512 570 de
530 515 661 586 gubern
680 513 733 570 dei
750 515 780 570 11
798 521 813 581 ς
832 514 942 570 14-20.
1228 516 1269 582 et

149 705 268 770 nostros
292 723 309 770 1
332 708 388 771 deo
419 723 480 770 non
509 705 618 787 putas,
648 722 683 770 ex
706 703 764 770 hoc
792 703 858 787 ipso
880 705 914 769 et
934 702 1032 786 aspici
1053 704 1086 768 te
1108 723 1126 769 a
1148 701 1270 780 Christo

146 827 268 892 semper
297 808 443 892 intellege
466 808 499 874 et
520 807 712 890 puniendum
741 808 870 873 forsitan
901 807 1082 891 propediem
1108 823 1175 872 esse
1198 823 1271 891 cog·

146 930 254 988 nosce,
284 913 356 994 quia
385 912 482 978 etiam
503 911 607 977 Dauid
630 912 773 976 sanctum
795 911 882 976 uides
904 929 1002 976 unum
1026 929 1159 976 errorem
1180 927 1272 974 suum

145 1033 202 1080 neo
223 1017 342 1080 secretu
371 1014 566 1080 occultorum
596 1013 801 1097 penetralium
828 1014 966 1095 potuisse
990 1014 1152 1097 contegere
1173 1028 1273 1077 neca

127 1119 361 1201 apraesentibus
387 1119 494 1200 poenis
521 1118 686 1202 priuilegio
709 1115 816 1182 saltim
838 1133 1024 1207 magnorum
1046 1132 1177 1198 opernm
1199 1114 1270 1180 uin·

146 1221 259 1288 dicare.
296 1221 370 1304 quid
403 1221 486 1286 enim
517 1221 562 1286 ait
585 1223 624 1286 ad
653 1240 725 1286 eum
756 1221 924 1285 dominus?
958 1220 1099 1285 tollam
1132 1236 1271 1284 uxores

146 1329 234 1391 tuas
263 1326 303 1391 in
335 1325 549 1406 conspectu
582 1328 665 1400 tuo,
701 1325 738 1389 et
765 1322 924 1408 gladius
959 1341 1035 1390 non
1068 1322 1272 1388 recedeta

146 1427 254 1493 domo
276 1428 344 1492 tua
365 1446 486 1511 usqne
509 1428 548 1492 in
570 1428 863 1510 sempiternum.
895 1425 992 1505 uides,
1015 1444 1111 1508 quarn
1125 1443 1271 1509 praesens
1283 1427 1323 1494 18

146 1530 279 1614 excipiat
301 1531 409 1595 tantus
432 1529 482 1594 uir
503 1549 559 1612 pro
582 1549 643 1594 uno
666 1531 775 1595 statim
803 1548 904 1594 errore
930 1527 1094 1595 iudicium.
1131 1527 1272 1612 protinus

114 1636 268 1716 roculpam
291 1633 397 1697 secuta
419 1631 579 1698 damnatio
602 1633 649 1697 est
678 1635 709 1698 et
728 1633 886 1699 damnatio
909 1633 1017 1698 statim
1039 1631 1169 1713 puniens
1192 1627 1272 1697 nihil

145 1745 314 1814 1111111111,
339 1737 432 1818 atque
455 1736 525 1801 ilico
549 1752 690 1801 coercens
713 1754 800 1801 reum
823 1754 883 1801 non
906 1735 938 1800 in
961 1735 1104 1802 suenum
1126 1731 1271 1799 differens

146 1861 177 1904 re
196 1841 276 1905 tum.
309 1839 340 1903 et
356 1839 425 1905 ideo
443 1857 503 1905 non
518 1839 613 1905 dixit:
636 1838 709 1921 quia
725 1839 829 1904 iecisti
845 1839 912 1918 hoc,
936 1841 1105 1904 uenturum
1119 1837 1271 1903 indicium

145 1943 193 2009 dei
217 1942 332 2008 senties
356 1944 387 2006 et
403 1943 507 2009 tuturo
522 1943 684 2028 gehennae
699 1943 772 2026 igne
788 1943 979 2028 torquebere,
1004 1943 1068 2020 sed,
1084 1942 1270 2025 praesentia,

143 2046 257 2128 inquit,
280 2046 436 2111 tormenta
459 2045 574 2110 senties
597 2049 690 2128 atque
704 2045 923 2112 imminentem
941 2047 1002 2112 iam
1020 2043 1192 2111 ceruicibus
1207 2045 1270 2109 tuis

113 2175 135 2215 15
144 2147 271 2214 diuinae
304 2150 481 2215 seueritatis
514 2149 655 2233 gladium
689 2149 870 2214 sustinebis.
909 2154 940 2215 et
969 2149 1043 2233 quid
1072 2149 1143 2232 post
1170 2149 1322 2215 11111119

143 2252 288 2336 agnoscit
316 2253 436 2319 scilicet
462 2273 533 2318 reus
565 2252 704 2336 culpam,
734 2253 921 2320 humiliatur
944 2253 1174 2336 compungitur,
1197 2269 1270 2318 con·

144 2355 252 2420 fitetur
287 2356 374 2440 luget
381 2406 390 2440 ‚
427 2358 565 2438 paenitet
599 2357 798 2440 deprecatur,
836 2374 976 2440 gemmas
1010 2355 1110 2439 regias
1144 2353 1270 2420 abdicat

145 2457 312 2542 crispantia
345 2476 419 2523 auro
454 2458 560 2524 textili
589 2459 771 2524 indumenta
801 2459 944 2542 deponit,
976 2476 1113 2544 purpura
1148 2457 1270 2523 exuitur

145 2561 319 2628 diademate
341 2561 553 2639 exhonoratur,
578 2561 664 2626 cultu
680 2562 712 2626 et
727 2580 851 2645 corpore
866 2564 1017 2646 mutatur,
1041 2564 1144 2628 totum
1163 2578 1269 2646 regem

113 2684 213 2734 recum
236 2664 396 2731 ornatibus
420 2663 485 2729 suis
509 2663 621 2744 abicit,
644 2664 810 2749 profugum
837 2665 1048 2747 paenitentem
1071 2683 1142 2731 curn
1163 2666 1269 2746 patro·

145 2766 222 2834 oinio
249 2766 407 2832 ambitiosi
435 2767 587 2849 squaloris
616 2766 770 2846 adsumit,
801 2767 917 2834 ieiunio
951 2767 1085 2853 erigitur
1121 2767 1270 2833 ariditate

145 2871 294 2950 siccatur,
324 2870 402 2935 fletu
424 2869 594 2935 effunditur
616 2871 783 2938 solitudine
805 2873 990 2940 carceratur.
1026 2876 1057 2938 et
1084 2874 1193 2936 tamen
1215 2887 1269 2936 rer

145 2974 398 3050 tentaminis,
422 2973 590 3040 sanctitate
612 2977 711 3040 maior
733 2994 825 3060 quam
847 2976 1020 3060 potestate,
1042 2973 1269 3058 praerogatiuis

144 3077 325 3142 meritorum
358 3078 609 3167 antecedentium
642 3079 890 3161 supereminens,
925 3098 997 3144 cum
1030 3081 1118 3145 tanto
1148 3075 1268 3144 ambitu

112 3181 308 3264 asupplicet
331 3198 392 3244 non
414 3183 526 3248 euadit.
557 3185 588 3246 et
611 3181 662 3248 hic
684 3183 809 3248 tantum
831 3187 898 3248 tam
920 3184 1045 3266 grandis
1059 3178 1320 3264 paenitentiae20
1437 3221 1439 3226 -

143 3283 264 3348 fructus
288 3283 350 3360 est,
374 3285 455 3365 quod
478 3285 611 3350 aeternis
634 3285 760 3369 quidem
781 3284 911 3367 piaculis
933 3304 993 3350 non
1018 3282 1189 3358 addicitur,
1213 3284 1268 3349 sed

143 3389 173 3452 in
195 3387 353 3469 praesenti
374 3388 481 3454 tamen
502 3387 627 3453 ueniam
650 3405 711 3452 non
733 3391 878 3452 meretur.
908 3387 1040 3470 denique
1062 3387 1136 3470 qnid
1158 3385 1267 3469 paeni·

142 3490 220 3554 tenti
242 3491 393 3572 propheta
414 3490 483 3556 1111
505 3492 594 3573 quia
616 3491 890 3574 blasphemare
912 3489 1055 3556 fecisti
1077 3490 1267 3556 inimicos

239 3663 525 3736 amfflmmu

189 3827 208 3883 4
220 3830 355 3898 contigeri
366 3830 395 3884 Β
474 3831 490 3885 5
503 3831 598 3885 saltem
611 3831 748 3886 1111111111
761 3845 832 3887 corr.
844 3833 872 3886 A
884 3833 949 3887 m.2
999 3836 1003 3844 ’
1027 3832 1157 3887 maiorum
1169 3833 1197 3888 Β

142 3914 157 3967 9
174 3914 291 3984 accipiat
307 3915 335 3970 Β
445 3914 479 3969 10
495 3915 632 3971 damnatio
650 3919 692 3972 est
709 3919 800 3971 secuta
818 3917 846 3970 Β
959 3917 993 3971 18
1014 3920 1153 3988 crepantia
1170 3916 1198 3971 Β

142 4000 216 4054 texili
239 4000 267 4054 Β
371 4001 405 4056 19
427 4016 535 4070 corpore
557 4001 718 4058 Haetelica:
745 4003 822 4058 corde
839 4004 895 4058 AB
914 4003 1046 4058 Halmius
1148 4002 1183 4058 20
1205 4017 1267 4071 pro·

141 4085 235 4156 iugum
258 4087 415 4156 11111σί11111
437 4087 505 4144 ocal.
526 4093 551 4152 1.
568 4090 609 4143 22
630 4089 761 4158 profugus
783 4096 809 4145 at
826 4093 863 4146 21
885 4090 971 4160 ipsius
992 4089 1075 4160 fugae
1097 4088 1178 4144 iacies
1201 4095 1266 4144 cto:

142 4172 282 4240 prouidnrn
299 4173 327 4228 A
344 4178 372 4228 et
383 4188 416 4227 11
434 4172 543 4245 auidum
560 4189 631 4229 corr.
649 4175 677 4228 B
703 4174 852 4244 proiectum
864 4177 1023 4244 saepiculae·
1034 4172 1179 4230 1111111111
1190 4175 1266 4230 tace

141 4259 357 4329 cardamate,
376 4276 437 4316 1111
453 4259 551 4316 Docet
567 4261 627 4329 ipae
645 4262 722 4318 Peal.
740 4267 782 4329 30,
797 4265 835 4318 23
852 4263 885 4318 da
902 4279 930 4318 sc
948 4263 1036 4318 dicat:
1053 4261 1187 4332 proiectus
1205 4278 1267 4318 sum

142 4360 158 4399 a
173 4345 253 4402 uultu
271 4348 407 4402 oculorum
426 4349 550 4412 tuorum
573 4346 645 4402 adde
661 4363 689 4418 p.
708 4351 754 4414 39,
771 4353 789 4404 4
806 4347 923 4404 deiectus
1019 4347 1054 4402 24
1071 4349 1152 4404 111111
1169 4348 1197 4403 A

142 4431 176 4485 25
191 4435 286 4487 tantus
303 4434 331 4487 B
434 4433 539 4488 fructus
555 4433 736 4502 poenitentiae
752 4437 780 4490 Β
799 4438 884 4504 (poen.
902 4440 928 4490 et
944 4434 972 4489 A
995 4434 1087 4504 saca)
