3132 5096
483 486 521 541 de
539 485 678 557 gubern.
695 485 749 542 dei
770 486 809 541 VI
830 485 973 551 §52-58.
1230 485 1289 550 141

164 675 367 744 resilientem
402 691 508 742 ereem
541 676 659 741 demini
691 674 846 741 sustinere
873 674 1066 756 temptauit?
1099 670 1180 738 nihil
1208 672 1292 738 enim

165 782 237 848 tine
258 785 325 846 eret
348 780 416 865 lege
437 782 650 863 preeeeptum.
686 781 717 842 et
739 781 845 847 temen
874 775 986 846 stetim
1006 775 1083 844 dum
1105 776 1289 858 sustineret,

164 883 317 949 extinctus
340 885 396 961 est,
420 899 480 948 neu
503 879 587 965 quie,
610 884 646 946 ut
669 880 805 957 uidetur,
827 879 867 948 ed
884 879 1018 961 speeiem
1031 879 1209 946 eentumeei
1231 877 1292 946 eli-

164 987 238 1070 quid
262 988 317 1054 eut
339 985 510 1052 iueffieieee
531 985 638 1052 eeltim
660 986 767 1053 mente
787 980 993 1060 summiserit,
1021 983 1077 1050 sed
1098 982 1165 1063 ipse
1187 979 1291 1048 ofiieie

144 1089 353 1156 siueffieiesns
374 1088 447 1167 fuit,
470 1088 545 1172 quie
565 1087 686 1154 iniuese
707 1087 925 1169 praesumpsit.
963 1085 1055 1157 herne
1077 1081 1349 1158 Israhelitieeebb

162 1193 262 1276 plebis
278 1210 351 1258 eum
365 1192 452 1277 ligne
467 1190 609 1258 sabbatis
626 1189 815 1272 eollegieset,
840 1187 960 1262 eeeieus
976 1192 1033 1267 est,
1058 1191 1089 1254 et
1104 1188 1161 1256 hee
1176 1188 1292 1258 iudieie

164 1314 199 1362 m
220 1298 308 1362 inem
338 1296 398 1378 dei,
430 1294 565 1378 piissimi
598 1293 719 1362 seilieet
749 1311 786 1362 ee
812 1291 1095 1368 miseridordiseirni
1128 1289 1292 1362 indieiset

164 1401 216 1483 qni
237 1417 362 1482 perdere
390 1397 507 1481 absque
534 1397 628 1464 dubie
658 1409 752 1480 quem
773 1398 910 1467 desidem
932 1395 1105 1476 metuisset,
1129 1394 1190 1465 nisi
1212 1395 1292 1467 retis

163 1521 255 1568 enem
285 1501 515 1568 misericordiae
542 1499 721 1566 seueritatis
748 1499 830 1566 reiie
858 1499 995 1569 sinisset.
1034 1517 1112 1566 unns
1135 1499 1218 1566 enim
1240 1498 1291 1564 in·

130 1606 286 1672 ideeutier
307 1605 412 1688 periit,
433 1623 473 1670 ne
494 1604 590 1670 multi
617 1622 673 1687 per
694 1602 885 1673 inmutatum
906 1605 1014 1684 postea
1035 1601 1224 1685 deperirent.
1258 1603 1292 1666 et

165 1709 238 1792 quid
260 1709 298 1774 de
320 1707 454 1792 siugulis
477 1707 604 1774 dieemi
632 1705 779 1772 uniuersa
800 1724 876 1789 gene
898 1704 1119 1786 Hebraeorum,
1143 1722 1214 1774 eum
1236 1722 1291 1787 per
1300 1701 1348 1770 56-

164 1811 324 1878 heremum
347 1810 410 1876 iter
432 1813 549 1892 egeret,
572 1808 645 1891 quie
660 1806 1072 1882 eonsuetudinmieseernes
1087 1806 1289 1887 desiderauit,

162 1916 285 1999 partem
313 1933 387 1980 suae
415 1913 518 1995 pletis
548 1913 664 1980 emisit.
703 1915 733 1978 et
764 1912 890 1994 quidem
923 1911 1128 1978 interdietum
1157 1910 1290 1979 neudum

161 2019 266 2084 inerat
287 2036 326 2083 ue
349 2016 549 2100 desideraret,
582 2014 638 2082 sed
671 2014 777 2099 legali,
811 2015 849 2079 ut
870 2032 947 2090 reer,
980 2015 1196 2084 obseruantiee
1218 2029 1290 2096 pre·

129 2121 253 2186 uenere
274 2122 350 2186 deus
372 2119 483 2196 uoluit,
506 2123 544 2186 ut
565 2117 717 2188 rebellem
734 2119 1019 2202 percepissentiem
1035 2119 1206 2188 eeereeret:
1230 2134 1290 2200 que
1326 2134 1330 2140 ·

163 2224 288 2295 meiliue
310 2223 431 2291 seilieet
453 2225 584 2292 enuetus
612 2223 744 2305 populus
771 2226 966 2306 egneseeret
994 2227 1148 2306 quantum
1171 2221 1290 2287 enimse

162 2328 287 2394 deberet
325 2346 404 2411 quae
437 2328 512 2394 deus
540 2325 666 2408 seriptis
698 2325 883 2394 eeeleetibus
918 2326 1129 2401 interdieeret
1165 2326 1289 2407 quando

163 2432 258 2496 etium
274 2431 338 2496 ille
361 2451 433 2496 eum
447 2429 586 2498 edmisee
600 2429 771 2514 laederent,
795 2447 874 2514 pune
889 2432 1022 2498 neudum
1037 2429 1107 2513 lege
1121 2427 1288 2496 uetuisset.

161 2533 300 2600 letiorem
320 2549 441 2616 queque
456 2551 490 2600 ee
504 2533 658 2600 sustinere
681 2536 763 2600 idem
785 2533 919 2617 populus
941 2532 1095 2616 ingemuit
1111 2533 1143 2597 et
1164 2529 1346 2615 propterte·

130 2637 220 2702 ehoe
240 2637 345 2720 plegie
362 2630 553 2705 'caelestibus
567 2635 803 2712 uerberebetur,
828 2653 889 2702 uon
904 2635 979 2720 quie
993 2635 1151 2704 moranti
1164 2651 1288 2720 gemere

162 2743 221 2806 riou
255 2740 360 2816 lineet,
393 2740 449 2806 eed
480 2737 623 2823 ingratus
656 2740 777 2808 seilieet
811 2738 875 2806 fuit
907 2740 1044 2824 gemitus
1077 2739 1172 2809 deum
1199 2738 1290 2822 quesi

163 2844 319 2910 auderem
347 2842 543 2910 immoderati
571 2842 686 2912 lebmie
713 2859 871 2913 eeeneens.
909 2862 945 2911 ex
968 2859 1028 2926 que
1049 2841 1193 2927 intellegi
1214 2859 1289 2912 een*

163 2946 250 3012 uenit
283 2949 435 3028 quantum
467 2945 587 3028 pleeere
626 2945 682 3012 dee
717 2945 829 3015 debeet
862 2946 915 3029 qui
944 2963 1049 3012 rernm
1081 2944 1289 3020 incenderem

164 3048 356 3116 beatitudine
379 3047 504 3124 fruitur,
527 3047 649 3131 quaudo
672 3048 768 3116 etiem
784 3049 823 3117 de
839 3048 888 3114 his
910 3049 1077 3130 puerinon
1099 3049 1185 3132 lieet,
1209 3065 1288 3130 quae

129 3151 289 3238 eiugrete
310 3151 486 3218 uideantur.

203 3270 260 3336 XI.
290 3271 456 3353 Quaeritur
487 3271 619 3336 iereitrn
654 3287 801 3353 quereum
823 3271 1108 3372 istepertineenti
1138 3273 1344 3353 quorsumee·

162 3376 277 3459 absque
300 3375 394 3442 dubie
410 3375 472 3441 nisi
494 3378 530 3440 nt
546 3371 625 3441 nihil
640 3377 711 3440 leue
726 3374 932 3454 existimetur,
955 3389 1015 3457 que
1033 3373 1110 3439 deus
1126 3374 1288 3440 laeditur?

163 3477 305 3544 deludis
327 3477 412 3544 enim
434 3476 568 3563 publieis
592 3476 737 3557 didimus,
759 3476 905 3543 ludibriis
923 3477 1044 3543 seilicet
1065 3477 1132 3560 spei
1153 3478 1286 3562 nostrae,

262 3663 378 3719 suum.
398 3664 439 3726 15.
459 3662 493 3718 ee
597 3663 628 3718 11
647 3662 727 3718 uum.
748 3663 824 3729 11,4
928 3663 960 3718 19
978 3662 1059 3718 Exod.
1079 3663 1113 3719 10
1147 3645 1353 3756 ‹mu-5(
1442 3677 1445 3684 ι

210 3818 229 3874 i
250 3822 341 3873 temen
365 3834 417 3875 erre
438 3819 466 3874 Β
569 3817 677 3876 unere
700 3819 728 3874 Β
830 3819 848 3874 e
871 3819 1021 3890 eolligieeet
1043 3819 1071 3876 Β
1174 3819 1190 3873 7
1213 3818 1288 3876 iueeu

159 3907 187 3960 et
205 3904 306 3960 iudieie
323 3905 352 3960 Β
455 3904 472 3958 9
495 3905 618 3962 indentes
635 3919 720 3974 super
738 3921 768 3960 er
784 3920 836 3962 eer.
854 3921 890 3962 m.
908 3921 966 3962 ree.
981 3919 1013 3962 ue
1030 3905 1058 3960 A
1161 3905 1196 3961 10
1217 3906 1306 3974 peri·-

159 3994 219 4046 rent
235 4004 258 4044 s.
276 3989 507 4059 perentiendo
524 3992 552 4044 A
645 3991 678 4047 15
695 3990 846 4048 eehereeret
862 3991 911 4048 eed
928 3991 1060 4061 hpueeet.
1077 3992 1104 4045 A
1191 3991 1223 4048 16
1240 3991 1287 4061 egi

159 4080 278 4132 uenderet
295 4076 326 4132 A
425 4075 460 4132 80
482 4075 638 4132 uerteretur
659 4077 716 4132 AB
736 4077 835 4144 (Titii
861 4076 1052 4134 uertere-betur
1069 4092 1130 4132 eum
1147 4075 1208 4134 edd
1227 4091 1286 4134 em·

158 4162 240 4218 erim
257 4161 389 4218 Halmius
488 4161 523 4218 22
540 4162 662 4232 intelligi
678 4163 728 4220 dee
745 4165 803 4220 loeo
819 4163 847 4221 A
949 4164 983 4220 23
1000 4162 1173 4220 ieeuudurnm
1191 4164 1218 4216 A

157 4247 192 4302 26
209 4248 334 4304 tersitem
351 4249 379 4304 A
481 4262 635 4318 quorundum
653 4251 681 4304 A
702 4250 746 4306 lie
768 4251 855 4312 ereeie
871 4250 980 4306 mutes
1002 4250 1053 4304 titt.
1072 4251 1243 4318 (querurrum
1260 4248 1290 4304 Β

151 4336 306 4404 petierim
328 4336 395 4402 lece)
499 4336 532 4392 27
557 4335 627 4405 qued
651 4335 715 4392 dene
739 4337 766 4391 B
870 4338 906 4396 28
927 4338 997 4394 enim
1021 4335 1123 4392 seilieet
1145 4335 1194 4392 eed
1215 4335 1287 4394 enim

157 4427 289 4490 expeteret.
307 4422 335 4476 Β
