3132 5096
276 473 339 543 140
607 505 611 515 ·
761 471 917 527 strumus

267 681 392 747 qunque
414 679 481 728 esse
508 661 626 740 uitiosi,
657 679 712 726 nes
742 660 869 726 tuntum
891 679 1008 726 nouum
1029 677 1128 747 genus
1151 661 1344 746 pupillorum
1364 677 1401 728 uc

270 767 465 851 perditorum
480 783 598 845 sumne,
621 765 655 830 iu
671 764 785 848 quibus
800 763 961 848 opulentis
976 782 1045 831 esse
1060 763 1165 844 desiit,
1189 765 1243 831 sed
1258 763 1400 847 nequitia

270 872 427 954 perduret.
467 873 543 936 adeo
564 887 620 935 nes
643 883 706 934 ncn
729 871 766 934 nt
788 867 843 940 elil
865 867 1005 934 hemines
1027 886 1136 935 cuneus
1151 867 1400 950 cemuptelernm

270 973 306 1039 in
332 971 505 1054 inlecebris,
540 973 595 1039 scd
625 973 660 1037 in
689 971 830 1038 cordibus
858 971 1023 1052 hebemus.
1051 974 1083 1038 et
1110 970 1267 1037 nitiuritus
1296 971 1401 1036 nostru

271 1095 358 1143 mens
388 1079 492 1144 nestra
520 1077 578 1155 eet,
606 1080 643 1141 ut
665 1072 705 1144 ud
728 1075 935 1142 emendandus
963 1091 1020 1140 nes
1048 1092 1110 1144 nen
1132 1073 1321 1139 lucmtetnm
1344 1075 1436 1140 neb-r

270 1180 386 1247 latione
405 1214 420 1247 s
440 1182 494 1246 sed
517 1180 671 1246 mularum
694 1195 798 1243 rerum
821 1195 925 1243 umere
947 1193 1074 1260 peccure
1091 1175 1307 1263 (pommus).

213 1306 261 1373 53
312 1299 362 1367 X:
384 1301 507 1382 Quanta
537 1305 642 1367 nutem
670 1298 749 1364 uitis
777 1299 989 1364 ltemuncrum
1012 1298 1085 1377 sint,
1116 1298 1228 1382 quibus
1251 1296 1401 1364 burburue

270 1406 381 1489 gentes
405 1423 466 1471 nen
493 1403 710 1487 inquinantur,
739 1401 814 1466 licet
842 1401 996 1466 hactenus
1019 1401 1096 1466 eutis
1119 1401 1262 1480 dixerim,
1287 1401 1400 1467 addam

270 1512 378 1574 temen
411 1509 513 1574 multu
546 1523 624 1590 quus
658 1505 779 1573 desunt.
817 1504 871 1570 sed
903 1503 984 1570 illud
1012 1505 1161 1570 edmunec
1191 1504 1298 1569 tumen
1328 1506 1401 1569 ente

272 1628 366 1694 quem
395 1609 471 1688 dico,
503 1629 541 1675 ne
569 1609 670 1674 ullum
700 1607 824 1692 penitus
854 1608 963 1691 culpae
991 1625 1099 1690 genus,
1123 1606 1204 1691 quod
1226 1608 1265 1673 ed
1290 1608 1438 1672 centu-re

270 1714 397 1779 melium
421 1713 471 1779 dei
493 1715 638 1798 pertinet,
663 1714 810 1796 cuiquem
832 1712 902 1777 leue
925 1729 991 1776 esse
1014 1711 1167 1778 uidentur.
1198 1712 1329 1777 sienim
1350 1712 1408 1775 in·-

271 1818 405 1883 lustrem
427 1835 463 1882 ec
483 1819 718 1901 praepotentem
740 1815 844 1881 uirum
867 1829 1063 1898 nequequam
1086 1814 1302 1881 crhcncruniu
1324 1831 1401 1896 qnc-
1460 1812 1465 1817 '

270 1938 365 2002 quem
393 1911 470 1986 lic'et
498 1925 540 2004 et,
571 1923 598 1986 si
627 1923 793 2004 qnisquam
816 1918 1061 1998 exhoncrnuerit'‚
1091 1918 1223 1984 decretis
1246 1917 1399 2002 legalibus

269 2041 341 2088 reus
364 2021 489 2088 sistitur
511 2028 541 2088 et
557 2023 742 2089 iniuriarum
758 2025 865 2088 unctor
879 2022 947 2086 iure
962 2023 1137 2101 damnetur,
1160 2024 1277 2104 quante
1292 2022 1401 2104 utique

232 2125 237 2134 '
271 2125 397 2190 maioris
431 2125 549 2210 piaculi
583 2128 700 2191 crimen
732 2127 778 2191 'est
808 2123 993 2190 iniuriosum
1023 2124 1203 2208 quempium
1232 2124 1289 2189 dec
1312 2127 1437 2191 essetne

272 2246 392 2312 semper
415 2231 499 2295 enim
519 2249 574 2313 per
597 2228 787 2314 dignitatem
809 2227 959 2294 iniurium
981 2227 1166 2311 perferentis
1181 2227 1291 2293 crescit
1308 2228 1402 2310 culpe

272 2331 424 2410 facientis,
450 2335 522 2416 quia
544 2352 670 2399 necesse
693 2333 750 2406 eet,
774 2335 890 2414 quante
913 2331 1013 2396 msicr
1029 2333 1077 2396 est
1099 2349 1231 2414 pemeus
1247 2331 1323 2406 cius,
1348 2329 1402 2413 qui

95 2497 106 2514 ,,
215 2437 494 2504 54cuntumeliem
517 2435 647 2519 petitur,
671 2436 761 2501 tuntc
784 2436 882 2499 maier
903 2433 947 2498 sit
970 2449 1048 2500 ncne
1070 2434 1144 2513 ciue,
1169 2433 1222 2517 qui
1245 2433 1332 2500 lucit.
1370 2435 1403 2498 et

271 2531 343 2605 l‘rinc
372 2540 522 2622 estquod
550 2537 688 2624 legimus·
706 2541 738 2604 in
762 2537 841 2624 lege,
873 2537 968 2603 etium
992 2553 1054 2618 ecs,
1084 2537 1139 2620 qui
1161 2537 1308 2602 uidentur
1330 2553 1407 2603 cen·

272 2647 323 2708 tru
351 2643 536 2708 mundatum
565 2659 689 2707 sucrum
717 2641 800 2707 leuia
828 2640 949 2718 fecisse,
978 2640 1176 2705 seuerissime
1203 2643 1310 2705 tumen
1334 2657 1437 2711 essem

271 2747 411 2830 punitos:
446 2745 483 2810 ut
511 2745 763 2828 intellegeremus
796 2744 914 2811 scilicet
947 2744 1027 2809 nihil
1055 2746 1096 2810 ud
1127 2745 1220 2810 deum
1241 2748 1401 2827 pertinens

272 2850 343 2915 leue
366 2867 430 2912 esre
454 2847 641 2928 ducendum,
664 2849 739 2932 quie
761 2850 857 2915 etiem
873 2847 954 2931 quud
974 2848 1142 2914 uidebatur
1165 2848 1312 2934 exiguum
1334 2865 1403 2915 esec

273 2951 380 3035 culpe,
408 2953 525 3034 greum
555 2953 613 3018 hcc
642 2953 779 3018 faciebat
809 2953 988 3019 diuinitatis
1016 2952 1139 3020 iuluriu.
1178 2953 1310 3036 denique
1338 2953 1403 3020 Onu

231 3073 235 3080 ’
271 3055 325 3121 ille
359 3053 471 3120 leuitee
501 3056 551 3121 dei
581 3055 654 3139 quid
686 3061 791 3122 centra
825 3057 1008 3124 mundatum
1039 3057 1170 3122 caeleste
1199 3056 1284 3134 fecit,
1320 3057 1401 3140 quod

376 3241 558 3298 remorer
595 3243 675 3296 uem.
692 3243 729 3298 sc
831 3243 865 3298 ne
883 3243 913 3300 11
931 3243 1031 3312 sepe

324 3412 340 3465 3
358 3414 565 3481 coruptellerum
584 3415 633 3468 ult.
646 3413 656 3466 1
664 3420 761 3482 punct.
780 3415 805 3468 A
897 3415 914 3468 5
928 3421 993 3484 post
1010 3414 1145 3468 ablutione
1162 3416 1271 3484 elymum
1283 3415 1403 3470 lacunae

266 3499 361 3567 posuit
383 3499 514 3553 Halmius
538 3501 606 3554 ‘cmm
632 3501 746 3554 uerbum
770 3499 884 3568 aliquod
909 3499 996 3563 (uelut
1017 3504 1216 3566 connectamur,
1240 3499 1402 3555 deducemur

270 3588 335 3654 etc.)
354 3585 443 3640 deesse
461 3588 604 3654 appareat
623 3592 649 3640 ct
666 3602 780 3654 sequeus
798 3603 936 3655 peccemus
953 3587 1070 3642 reticuit
1085 3602 1119 3640 ec
1131 3586 1195 3650 AB,
1214 3585 1248 3642 de
1265 3601 1402 3656 peccemus

272 3673 356 3740 (Tru)
376 3687 502 3727 murreus:
521 3673 577 3727 ‘boc
593 3673 741 3728 membrum
759 3674 793 3728 ub
811 3676 842 3725 ut
858 3671 980 3741 pendere
994 3689 1050 3727 mom
1064 3687 1144 3741 posce
1162 3674 1341 3740 manifestum
1359 3673 1402 3729 ui·

271 3759 375 3828 dctmr’;
400 3773 450 3812 mos
467 3758 498 3812 im
517 3754 666 3812 Sile-Ber.
681 3775 712 3828 p.
732 3763 767 3814 10
788 3765 849 3826 post
872 3758 1008 3812 ablutione
1032 3755 1163 3813 excidisse
1180 3758 1328 3812 statuimus
1345 3773 1402 3812 mo·

271 3861 380 3898 ueumur
398 3849 424 3898 et
438 3860 492 3913 pro
516 3861 655 3914 peccemus
678 3844 854 3900 scribendum
878 3861 933 3899 eece
957 3859 1062 3914 peccare
1080 3860 1235 3914 pergamum
1261 3861 1326 3900 mum
1344 3860 1402 3912 per·

271 3930 352 3998 gendi
370 3928 509 3983 motionem
532 3929 684 3984 desiderari
702 3945 753 3985 mec
770 3930 860 3986 deesse
875 3946 955 3998 posse
974 3931 1058 3984 tumme
1075 3929 1127 3984 toci
1144 3931 1217 3984 ratic
1231 3931 1334 4000 probat
1353 3930 1400 3999 (cf.

268 4031 339 4084 quac
352 4016 540 4086 praecedunt:
566 4013 891 4070 destiterint-desinant
915 4023 941 4070 et
965 4017 1103 4084 opulentis
1121 4025 1176 4070 esse
1194 4015 1274 4072 desiit
1292 4016 1338 4072 sed
1356 4031 1402 4072 ne·

270 4101 359 4171 quitis
380 4101 516 4172 perdurat)
619 4102 866 4171 dcoinquinuntur
889 4102 917 4155 B
1019 4103 1036 4156 9
1058 4103 1146 4156 desint
1170 4099 1197 4156 B
1303 4101 1335 4159 14
1360 4119 1403 4158 er-

269 4185 378 4242 sistitur
396 4184 424 4240 B
529 4187 561 4240 16
578 4187 736 4256 perferentis
755 4202 788 4240 cm
807 4189 861 4240 -bes
880 4187 907 4240 A
926 4203 996 4244 corr.
1014 4190 1085 4242 m.2
1188 4189 1221 4243 18
1243 4187 1290 4258 sit]
1315 4192 1357 4243 est
1375 4189 1404 4242 A

270 4308 339 4374 fort,
356 4308 387 4361 tm
406 4310 552 4377 archetypo
570 4308 597 4361 A
616 4307 672 4362 cod.
689 4307 749 4373 fuit
771 4274 809 4362 sit
832 4307 908 4364 uude
924 4309 1008 4375 faede
1024 4309 1105 4376 debut
1123 4312 1165 4362 est
1179 4324 1232 4377 pre
1250 4312 1287 4362 eit
1305 4314 1334 4362 st

270 4392 305 4447 22
322 4393 442 4462 exigium
459 4411 480 4448 e.
498 4395 527 4463 gi
545 4410 596 4449 scr.
614 4411 649 4448 m.
667 4397 721 4450 211
740 4395 766 4451 A
