3132 5096
285 456 348 524 128
773 455 931 510 Saluiani

284 664 321 711 ea
342 645 421 723 loca,
444 663 499 728 per
521 662 600 727 quae
623 647 771 711 uenturas
794 643 933 711 hostium
956 650 1077 712 turmae
1100 646 1214 726 sciunt,
1239 648 1293 714 aut
1315 647 1413 713 feucis

283 748 466 814 intercidere
500 749 556 814 aut
572 803 574 810 ,
588 747 719 814 sudibus
751 748 923 831 praefigere
953 752 1009 814 aut
1036 749 1164 815 tribulis
1192 751 1343 816 infestare
1367 751 1413 815 di·

283 856 405 929 cuntur,
430 851 549 918 scilicet
571 855 607 917 ut
629 853 754 919 etiamsi
776 871 838 920 non
860 851 896 918 in
914 855 1019 919 omnia
1041 873 1078 919 ea
1102 854 1257 936 quispiam
1280 855 1412 934 incidat,

283 955 389 1021 nudus
411 956 516 1022 temen
539 956 664 1038 penitas
682 956 810 1038 euadat,
832 956 880 1021 ita
902 955 997 1020 etiam
1019 956 1185 1022 daemones
1209 961 1274 1022 tam
1297 957 1413 1024 multae

281 1059 317 1123 in
337 1059 405 1125 uita
420 1059 482 1123 ista
497 1058 634 1124 humano
648 1059 755 1143 generi
771 1058 1001 1126 inlecebrarum
1016 1058 1145 1146 insidias
1161 1060 1412 1143 praetenderunt,
1433 1083 1446 1124 a
1552 1115 1553 1138 2

282 1162 318 1226 nt
339 1162 400 1228 etsi
433 1163 585 1246 plurimae
619 1181 727 1228 earnm
759 1163 872 1245 aliquis
905 1163 1044 1248 effugiat,
1080 1166 1188 1230 tamen
1218 1181 1414 1246 quacumque

233 1265 433 1349 ltcapiatur.
467 1270 501 1330 et
524 1265 650 1348 quidem
673 1266 747 1349 quia
768 1266 901 1352 longum
925 1267 974 1331 est
988 1286 1070 1333 nunc
1086 1269 1122 1332 de
1139 1268 1285 1334 omnibus
1301 1268 1413 1346 dicere,

282 1369 524 1452 amphitheatris
552 1371 672 1436 seilicet
699 1371 780 1436 odiis
816 1370 939 1437 lusoriis
971 1371 1093 1455 pompis
1122 1372 1249 1437 athletis
1278 1371 1413 1454 petami-

282 1472 379 1540 nariis
401 1473 604 1556 pantomimis
626 1473 797 1557 ceterisque
819 1476 983 1559 portentis,
1006 1492 1085 1557 qnae
1101 1476 1189 1559 piget
1203 1475 1317 1554 dicere,
1340 1477 1412 1558 quia

281 1577 369 1663 piget
391 1579 511 1644 malum
533 1579 596 1644 tale
620 1579 672 1644 ael
694 1595 792 1658 nosse,
816 1579 855 1644 de
877 1576 954 1644 eolis
978 1578 1133 1644 circorum
1154 1597 1191 1644 aa
1213 1579 1413 1645 theatrorum
1422 1603 1445 1644 ιο

282 1680 520 1764 impuritatibus
549 1683 627 1749 dioc.
664 1683 743 1748 talia
772 1684 855 1748 enim
884 1686 969 1758 sunt,
1000 1699 1078 1765 quae
1107 1682 1176 1748 illic
1203 1683 1413 1761 iactatae

282 1803 343 1852 uon
371 1785 473 1851 solum
500 1787 602 1852 dicere
630 1788 685 1853 sed
713 1787 809 1852 etiam
837 1787 993 1853 recordari
1015 1786 1130 1870 aliquis
1152 1785 1218 1851 sine
1240 1783 1414 1868 pollutione

232 1887 344 1954 16non
372 1889 481 1971 possit.
519 1889 584 1955 alia
610 1890 722 1974 quippe
749 1890 884 1957 crimina
904 1891 1044 1974 singulas
1066 1890 1126 1956 sihi
1148 1890 1247 1955 ferme
1269 1891 1303 1956 in
1325 1889 1413 1954 nohis

282 1992 445 2059 umdicant
465 1995 630 2079 portiones,
654 1997 690 2059 ut
712 1995 916 2075 cogitationes
937 1994 1082 2060 sordidae
1105 1994 1226 2060 animos
1248 1995 1285 2058 ut
1307 1994 1413 2074 impu·

282 2095 345 2160 dici
367 2097 512 2178 aspectus
535 2098 641 2162 oculos
667 2098 701 2161 ut
717 2097 842 2162 auditus
864 2097 998 2179 improbi
1022 2115 1119 2180 auras,
1145 2097 1192 2162 ita
1213 2097 1258 2175 ut,
1282 2114 1354 2160 cum
1378 2114 1446 2160 exa

281 2197 332 2264 his
355 2218 455 2264 unum
488 2198 612 2282 aliquod
647 2201 809 2276 errauerit,
843 2200 966 2282 reliqua
992 2202 1112 2285 possint
1136 2218 1240 2266 carere
1263 2199 1413 2282 peccatis.

282 2301 317 2366 in
339 2302 472 2368 theatris
505 2320 579 2367 uero
611 2302 693 2369 nihil
726 2305 836 2368 horum
869 2306 1082 2381 maturaret,
1117 2305 1190 2386 quia
1212 2306 1244 2367 et
1267 2300 1412 2385 concupi·

282 2406 408 2472 seentiie
438 2406 536 2472 animi
564 2409 597 2473 et
624 2407 738 2473 auditu
767 2426 858 2472 aures
885 2411 918 2471 et
946 2408 1076 2488 aspectu
1105 2407 1187 2472 oculi
1210 2406 1412 2490 polluuntur:

282 2529 360 2593 quae
393 2509 518 2593 quidem
551 2512 657 2576 omnia
684 2512 751 2575 tam
778 2508 936 2594 flagitiosa
964 2512 1049 2588 sunt,
1083 2512 1119 2574 ut
1143 2509 1238 2574 etiam
1261 2509 1415 2590 explicere

233 2611 272 2678 17
282 2632 319 2680 ea
341 2614 497 2695 quispiam
520 2617 615 2695 atque
637 2614 742 2695 eloqui
764 2613 851 2678 saluo
873 2614 990 2696 pudore
1006 2631 1066 2678 non
1090 2613 1204 2678 ualeat.
1234 2612 1305 2695 quis
1329 2611 1448 2677 enimse
1556 2599 1557 2604 ’

281 2718 406 2800 integro
436 2718 640 2783 uerecundiae
668 2720 754 2781 statu
783 2718 883 2782 dicere
913 2719 1008 2798 queat
1035 2716 1108 2782 illas
1139 2735 1244 2781 rerum
1272 2715 1413 2798 turpium

282 2819 475 2886 imitationes
491 2819 565 2885 illas
580 2837 693 2885 uocum
709 2838 745 2884 ae
759 2819 929 2885 uerborum
944 2820 1162 2897 obscenitates,
1179 2819 1252 2885 illas
1268 2821 1412 2886 motuum

282 2923 493 3006 turpitudines
526 2923 598 2988 illas
634 2925 780 3008 gestuum
808 2923 995 2989 foeditates?
1028 2942 1107 3006 quae
1131 2923 1242 3005 quanti
1264 2923 1330 2988 sint
1353 2923 1413 2987 cri·

282 3025 377 3092 minis
399 3027 451 3092 uel
472 3026 548 3092 hinc
569 3025 713 3111 intellegi
734 3029 850 3110 potest,
877 3029 958 3109 quod
981 3027 1014 3091 et
1035 3026 1220 3092 relationem
1242 3026 1292 3090 eui
1315 3027 1414 3092 inter-

282 3130 401 3196 dicunt.
431 3129 584 3195 nonnulla
605 3129 719 3213 quippe
734 3129 832 3195 etiam
846 3130 983 3194 maxima
1003 3130 1122 3195 scelera
1143 3129 1293 3194 incolumi
1317 3129 1448 3196 honera

282 3232 364 3297 stata
386 3232 549 3298 referentis
572 3232 605 3296 et
626 3231 781 3298 nominari
803 3233 836 3296 et
857 3234 946 3315 argui
968 3235 1117 3314 possunt,
1146 3235 1184 3296 ut
1205 3231 1414 3298 homicidium

282 3334 483 3402 latrocinium
505 3335 697 3402 adulterium
719 3333 919 3420 saerilegium
941 3339 1105 3418 ceteraque
1122 3337 1155 3400 in
1172 3334 1253 3400 hunc
1267 3335 1414 3402 modum:

333 3623 451 3678 3etiam
470 3623 497 3678 Β
513 3639 534 3679 e.
553 3624 571 3678 l.
672 3625 781 3679 incedat
799 3627 827 3680 A
937 3625 1066 3679 tmulta
1086 3626 1142 3679 tem
1166 3625 1195 3679 Β
1306 3625 1417 3681 8edias

281 3710 322 3763 A:
350 3709 438 3762 odinis
457 3709 485 3763 Β
580 3709 692 3764 atlethis
712 3711 739 3764 B
833 3712 867 3765 12
884 3710 1019 3764 recordare
1036 3713 1064 3765 A
1161 3710 1194 3764 14
1212 3711 1318 3765 animoa
1339 3713 1417 3767 Tte:

281 3795 388 3852 animus
407 3800 507 3864 protect.
526 3812 539 3848 s
557 3801 582 3850 ct
599 3811 684 3865 saper
701 3812 719 3850 ιι
737 3795 804 3851 odd.
829 3797 930 3852 lineola
948 3799 993 3865 (=
1010 3795 1140 3863 animam)
1158 3813 1193 3850 aa.
1213 3799 1233 3851 2
1250 3798 1278 3851 A
1306 3798 1418 3852 animus

281 3882 322 3948 B;
350 3882 387 3948 cf.
406 3881 495 3950 partio
512 3887 590 3950 poet:
617 3882 845 3952 concupiscentiis
869 3882 1170 3952 animi-polluantur,
1193 3883 1241 3937 uhi
1264 3885 1292 3938 A
1319 3883 1418 3953 animi,

281 3969 309 4024 Β
321 3969 421 4024 taenea
438 3967 545 4022 animus
557 3966 653 4033 habet;
674 3983 736 4038 erpo
748 3969 782 4024 tor
790 3969 833 4035 A,
851 3974 883 4023 ut
894 3984 990 4037 saepe,
1009 3986 1027 4022 u
1040 3973 1067 4023 ct
1078 3975 1267 4038 opereautota
1278 3976 1346 4025 eoae

282 4055 315 4109 16
334 4053 440 4124 aliquid
456 4052 485 4109 Β
581 4054 613 4108 l'l
631 4056 713 4111 uocat
730 4055 758 4109 Β
854 4055 887 4110 18
904 4055 1009 4108 animus
1026 4054 1104 4122 Boc
1119 4055 1190 4122 Tic)
1287 4056 1320 4110 21
1340 4073 1419 4113 uere-

282 4139 366 4209 cunde
383 4156 405 4195 s.
422 4155 474 4197 ser.
493 4139 504 4193 i
521 4141 589 4194 east
605 4140 633 4193 A
724 4142 822 4210 quaeat
838 4139 887 4194 aed
900 4140 996 4208 priore
1013 4156 1029 4194 a
1045 4145 1140 4208 puroet.
1158 4142 1226 4195 112
1242 4140 1271 4196 A
1318 4159 1320 4164 ¹
1367 4143 1420 4199 illa

282 4230 314 4292 (o.
331 4239 383 4280 scr.
401 4227 470 4280 Μ
487 4227 510 4294 a)
529 4240 618 4280 rerum
636 4226 664 4280 A
681 4224 763 4294 (idem
780 4225 873 4280 amtor
890 4224 947 4280 illa.
971 4239 1018 4280 suo
1036 4227 1107 4294 cum)
1202 4225 1236 4280 25
1255 4225 1354 4281 scelere
1372 4229 1397 4297 (⁶

282 4309 331 4376 aa.
348 4327 369 4364 s.
387 4327 437 4366 ser.
457 4313 524 4366 aaa
542 4315 568 4378 a)
606 4311 730 4364 incolomi
750 4315 845 4380 (saper
862 4327 877 4365 o
895 4311 994 4366 tertiae
1011 4311 1134 4380 spitecr.
1153 4313 1182 4377 u)
1200 4312 1228 4364 A
1321 4312 1356 4369 26
1375 4329 1419 4370 re·

282 4395 397 4449 ferentes
415 4398 443 4450 A
