3178 5100
259 417 323 482 264
747 415 902 470 Saluiaui

261 607 337 672 ferri
366 608 472 689 possit,
503 609 556 672 sed
582 607 697 688 tamen,
729 607 854 672 etiamsi
876 605 984 682 fertur,
1016 607 1062 670 ita
1083 607 1247 672 ferendum
1271 609 1330 690 881,
1353 606 1392 670 81

260 727 316 792 pro
339 709 491 791 qualitate
514 710 738 775 necessitatum
761 711 854 792 atque
879 727 1043 774 causarum
1066 709 1253 774 sufficientia
1275 708 1390 774 retine-

260 813 353 878 antur
380 813 574 878 inmcderata
597 817 783 878 resecentur.
821 813 1015 876 habentes
1045 812 1161 892 enim,
1190 811 1293 893 inquit
1315 831 1391 894 apo·

260 915 369 999 stolus,
393 915 543 980 uictum
566 915 604 980 et
626 915 819 980 uestitum
842 915 903 978 his
928 915 1108 979 contenti
1131 913 1264 979 simus.
1301 935 1391 980 nam

261 1017 326 1100 qni
348 1018 486 1082 uolunt
509 1017 660 1084 diuites
682 1017 792 1096 fieri,
815 1017 1002 1082 incidunt
1023 1017 1062 1082 18
1085 1017 1391 1101 temptationem
1415 1045 1432 1086 a

260 1121 298 1186 et
320 1121 503 1203 laqueum
532 1121 696 1188 diaboli.
735 1140 817 1204 ergo,
846 1124 882 1186 nt
910 1120 1062 1198 uidemus,
1091 1121 1125 1186 in
1146 1120 1239 1186 rebus
1262 1122 1391 1186 tantum

259 1212 442 1290 necessariis
466 1225 551 1290 88188
574 1227 622 1290 881
645 1226 678 1289 18
701 1225 864 1308 superfluis
887 1225 1028 1307 laqueus,
1051 1225 1082 1290 iu
1105 1223 1321 1290 mediocritate
1341 1223 1391 1289 dei

258 1329 362 1412 gratia
381 1327 414 1393 in
441 1327 562 1394 diuitiis
596 1329 712 1394 diaboli
746 1333 864 1394 catena.
902 1329 1035 1410 denique
1069 1329 1142 1411 quid
1177 1328 1287 1392 statim
1317 1345 1391 1408 apo-

259 1431 357 1496 stolus
385 1431 516 1497 subdit?
554 1451 650 1514 qnae
680 1433 939 1515 demergunt,
969 1431 1090 1514 inquit,
1120 1432 1320 1496 hominem
1349 1430 1391 1496 in

208 1531 468 1599 621818811888
498 1538 535 1600 81
564 1535 847 1617 perditionem.
887 1553 976 1618 ergo,
1008 1536 1035 1600 81
1066 1534 1193 1600 diuitiae
1223 1534 1432 1600 interitnmrn

260 1641 291 1705 18
315 1657 347 1702 88
363 1637 488 1719 habent,
513 1640 665 1704 88118888
681 1638 883 1721 opulentiam,
906 1658 945 1704 ne
960 1639 993 1701 18
1008 1639 1175 1704 interitum
1191 1655 1390 1702 8888888888.

259 1744 365 1824 ampla
388 1760 423 1805 ae
452 1741 591 1823 locuples
622 1740 758 1806 facultas
788 1742 994 1823 perditionem
1024 1741 1140 1806 inferre
1172 1741 1303 1806 dicitur:
1339 1760 1390 1806 re·

259 1846 406 1928 fugienda
437 1846 486 1910 881
514 1846 618 1926 ampla
647 1844 810 1926 possessio,
841 1864 880 1910 ne
911 1849 1117 1927 consequatur
1139 1844 1293 1927 profunda
1315 1863 1390 1926 per-

260 1947 347 2013 ditio.
388 1966 425 2012 ac
447 1967 501 2030 per
523 1950 581 2014 hoc
604 1949 669 2014 8188
693 1966 782 2012 88888
805 1948 871 2014 8188
888 1953 974 2014 aetas
998 1949 1064 2014 sine
1087 1948 1255 2012 infirmitas
1278 1965 1390 2012 necas-

260 2052 343 2117 saria
376 2052 544 2135 requirant,
579 2051 808 2118 sufficientibus
843 2052 959 2118 debent
994 2071 1060 2118 esse
1094 2053 1242 2116 contenta
1276 2051 1323 2115 ita
1354 2051 1392 2116 ut
1401 2081 1433 2121 15

261 2155 409 2236 quidquid
437 2156 660 2239 temporarium
689 2155 808 2221 excedit
830 2174 923 2220 usum
946 2155 1129 2240 religiosum
1151 2155 1297 2220 absumat
1319 2154 1392 2218 offi-

209 2259 352 2328 6381888.
391 2261 529 2324 ceterum
562 2261 590 2323 81
623 2263 674 2338 18,
710 2261 897 2343 quicumque
932 2259 986 2323 881
1022 2275 1232 2342 8888888888
1264 2257 1323 2322 illa
1358 2276 1391 2322 88

194 2430 199 2438 ,
260 2365 384 2430 8888188
407 2362 615 2444 professionis,
639 2364 667 2428 81
689 2367 725 2428 18
747 2367 801 2428 881
823 2361 1044 2428 conseruandis
1067 2362 1177 2445 opibus
1200 2365 1256 2426 aut
1279 2379 1390 2424 cumn-

260 2467 361 2532 landis
395 2467 600 2532 facultatibus
634 2467 747 2549 inhies,
780 2465 935 2548 superflue
958 2465 997 2530 de
1028 2465 1214 2530 infirmitate
1243 2465 1389 2528 causaris.

260 2569 412 2651 numquid
436 2569 520 2634 enim
542 2569 693 2634 infirmior
716 2588 805 2634 88888
823 2573 933 2634 ducere
950 2568 1044 2634 811188
1067 2569 1167 2634 uitam
1190 2587 1251 2634 non
1273 2569 1432 2650 potestate

261 2672 324 2736 8181
346 2671 442 2737 animi
464 2672 513 2736 881
537 2689 626 2736 curas
644 2671 748 2736 multa
762 2671 902 2754 ingentis
920 2671 1102 2753 patrimonii
1118 2671 1390 2737 administratione

261 2774 470 2840 distenderit?
500 2775 654 2857 numquid
676 2774 781 2858 puella
803 2793 892 2841 sacra
915 2779 970 2840 aut
993 2775 1088 2840 uidua
1110 2775 1255 2841 castitate
1278 2774 1393 2840 deuota

261 2897 385 2944 seruare
412 2879 564 2944 inlaesam
593 2881 719 2944 sanotae
740 2879 939 2961 professionis
961 2879 1227 2961 perseuerantiam
1248 2897 1311 2944 non
1334 2898 1392 2944 ua·

261 2981 336 3065 lent,
360 2981 421 3048 nisi
443 2983 565 3066 argenti
588 2986 620 3047 et
643 2983 711 3046 anri
732 2981 920 3066 ponderibus
937 2983 1289 3049 incubarintaotantas
1306 2982 1393 3047 18188

263 3085 482 3152 conscientiam
510 3103 583 3168 opes
610 3088 768 3169 possidere
791 3107 824 3152 se
846 3089 1002 3168 nouerint,
1031 3088 1166 3168 8888188
1195 3105 1269 3151 8888
1293 3087 1430 3168 possi-aa

211 3189 404 3259 64dentium
437 3207 499 3253 non
531 3188 686 3273 requirit?
724 3192 787 3274 881,
824 3189 899 3272 8818
930 3188 1004 3254 huic
1035 3192 1065 3254 81
1094 3189 1179 3253 88881
1214 3187 1329 3270 pariter
1361 3191 1392 3252 et

262 3292 373 3372 pudori
395 3292 482 3374 quies
504 3293 638 3358 manime
661 3293 834 3358 necessaria
863 3295 919 3372 est,
949 3291 1101 3374 numquid
1124 3291 1305 3373 inpossibile
1330 3292 1392 3358 sibi

263 3395 425 3478 quaepiam
456 3395 536 3460 forte
566 3395 714 3461 aestimat
744 3394 1393 3478 18188888881888188118888181818818

261 3498 448 3565 inuiolatam
482 3499 620 3581 quietem
653 3516 741 3581 posse
771 3516 905 3583 8888888,
940 3499 1001 3564 8181
1032 3517 1121 3564 88888
1153 3499 1218 3564 8188
1247 3499 1392 3566 familiae

261 3602 397 3686 ingentis
434 3603 584 3684 strepitus
621 3601 793 3669 uerberarit
827 3605 860 3669 81
893 3603 1057 3669 turbarum
1092 3603 1431 3669 circumsonantiumeo

262 3706 475 3773 tumultuosus
507 3707 624 3772 clamor
653 3707 833 3773 obtuderit?
866 3726 946 3792 quae
976 3707 1085 3789 utique
1114 3707 1391 3772 88881888818888

364 3913 382 3966 3
404 3913 419 3967 I
437 3913 506 3966 Tim.
525 3915 550 3979 6,
568 3915 585 3968 8
687 3915 704 3968 9
727 3914 793 3968 ibid.
812 3931 839 3967 u.
857 3915 873 3968 9

315 4104 328 4156 1
353 4100 458 4156 feratur
481 4099 521 4156 ed.
545 4101 679 4154 Balearica
781 4101 799 4156 5
824 4100 1017 4170 temptationes
1045 4100 1072 4154 Β
1176 4102 1207 4156 11
1235 4116 1392 4156 corruamus

262 4188 290 4242 Β
395 4189 428 4242 18
454 4187 478 4240 81
504 4189 537 4242 18
563 4202 613 4240 cm.
640 4187 779 4242 Balearica
889 4187 921 4240 19
948 4187 1094 4254 superfluae
1121 4185 1153 4240 de
1178 4185 1339 4242 infirmitate
1365 4191 1391 4242 Δ

263 4274 765 4342 8888818881818188811811888.1Β
864 4273 1063 4327 218881188Β
1166 4272 1340 4328 2311188888
1359 4289 1393 4328 88

264 4360 313 4414 inl.
331 4376 401 4415 corr.
420 4378 454 4414 m.
473 4363 493 4414 2
509 4361 537 4414 Β
642 4359 676 4413 24
693 4361 813 4429 arguenti
831 4361 859 4414 Δ
962 4358 1152 4414 incubanerint
1170 4359 1197 4412 Β
