3178 5100
601 499 748 566 epistola
769 499 839 554 1111.
1222 499 1286 566 209

156 692 270 758 caritas
298 690 487 773 deprecatur.
522 707 571 766 ua,
602 707 726 772 quaeso,
755 689 878 754 tantum
908 687 997 754 uobis
1026 687 1217 767 irascamini,
1249 692 1285 754 ut

156 813 213 860 nee
235 791 325 858 uobis
349 792 529 869 consulatis,
559 793 757 875 supplicante
785 791 875 857 uobis
890 825 907 858 e
921 825 938 856 e
954 825 971 856 e
985 810 1150 857 commune
1172 793 1285 874 pignus

156 918 209 983 per
232 915 288 984 nos
311 897 407 961 simul
428 896 522 978 atque
545 897 718 974 nobiseum,
743 899 776 960 et
789 895 923 977 primam
939 913 1037 976 paene
1053 897 1092 961 ad
1108 913 1163 960 uos
1178 912 1288 960 uocem

157 1019 210 1084 pro
240 1001 338 1065 nostri
369 1000 488 1064 emittit
519 999 644 1063 offensa.
683 989 799 1064 infeliu¹
817 1016 943 1081 prorsus
967 1001 1031 1063 eius
1056 1002 1087 1062 et
1109 999 1287 1066 miseranda

136 1105 307 1197 scendicio,
338 1123 417 1186 quae
447 1121 520 1168 auos
550 1119 621 1166 suos
649 1120 685 1166 ex
712 1103 880 1184 parentum
910 1103 1044 1184 primum
1074 1105 1162 1166 reatu
1185 1101 1287 1183 eoepit

159 1193 333 1293 agnoscere.
359 1205 561 1283 miseremini,
579 1223 776 1289 quaesumus,
798 1205 995 1270 innocentiae
1012 1205 1077 1270 eius
1095 1203 1287 1270 miseremini
1300 1205 1339 1271 18

159 1313 369 1377 necessitatis:
405 1311 529 1394 cogitur
562 1309 788 1391 quodammodo
820 1327 877 1390 pro
911 1309 1030 1374 offensa
1063 1325 1189 1372 suorum
1222 1307 1287 1371 iam

158 1415 333 1498 supplicare
356 1431 435 1495 quse
458 1414 559 1478 adhuc
582 1413 685 1478 nescit
707 1413 781 1495 quid
805 1414 847 1478 sit
869 1411 1031 1478 offendere.
1063 1413 1167 1478 laesus
1189 1429 1287 1494 quon·

159 1519 229 1582 dam
256 1517 473 1581 Niniuitarum
495 1518 631 1600 peccatis
648 1520 721 1582 deus
737 1517 847 1598 uagitu
870 1515 1040 1582 infantium
1060 1518 1091 1579 et
1113 1515 1288 1596 ploratione

126 1621 299 1690 omollitus
323 1621 380 1684 est.
411 1639 484 1684 nam
507 1621 583 1686 licet
597 1622 700 1685 totum
724 1621 865 1703 legamus
881 1621 996 1684 luxisse
1011 1619 1172 1702 populum,
1196 1635 1287 1700 pras·

161 1724 282 1807 cipuam
305 1727 410 1789 brnen
433 1723 679 1790 misericordiam
701 1724 818 1788 meruit
840 1740 904 1788 sors
921 1727 953 1786 et
974 1721 1154 1787 innocentia
1176 1737 1289 1802 paruo·

159 1829 271 1906 lorum,
302 1829 422 1892 dicente
451 1827 490 1892 ad
513 1827 622 1891 Ionam
647 1828 720 1891 deo:
754 1828 788 1890 si
816 1825 931 1892 ualde
962 1825 1228 1892 contristatus
1251 1841 1289 1888 es

161 1947 274 2013 super
308 1931 568 1995 cucurbitam.
612 1932 644 1994 et
676 1930 768 2012 paulo
802 1934 889 2013 post:
922 1947 990 2011 ego
1024 1947 1098 1994 non
1132 1945 1289 2011 parcam

161 2053 276 2117 super
305 2033 452 2098 Niniue
483 2033 693 2098 ciuitatem
723 2052 916 2114 magnam,
955 2036 994 2099 in
1024 2051 1097 2116 qua
1127 2047 1289 2096 eommo-

27 2121 29 2144 '
129 2139 302 2207 rorantur
333 2139 422 2221 plus
453 2155 567 2219 quam
596 2139 752 2202 centum
781 2136 935 2220 uiginti
964 2134 1093 2213 milia,
1129 2135 1290 2218 quinon

163 2239 786 2324 cognoueruutsiuistramsuam
803 2239 1101 2316 autdexteram,
1126 2239 1290 2303 declarans

163 2344 280 2409 scilieet
307 2349 433 2428 propter
463 2344 676 2410 sinceritatem
704 2346 916 2410 mnoeennum
938 2361 970 2407 se
994 2342 1090 2407 etiam
1114 2341 1214 2422 culpis
1235 2357 1291 2404 no-

163 2448 300 2512 centium
326 2447 511 2531 pepercisse.
551 2447 606 2512 sed
629 2447 702 2529 quid
727 2466 783 2530 ego
806 2449 844 2512 de
867 2446 917 2511 dei
939 2445 1151 2510 misericordia
1173 2445 1291 2525 loquor,
1304 2441 1365 2506 19·

163 2550 300 2632 quinon
331 2554 458 2616 tantum
491 2553 651 2636 postulata
684 2551 807 2630 tribuit,
841 2549 894 2615 sed
924 2552 1080 2616 interdum
1111 2549 1206 2612 etiam
1230 2565 1291 2612 nou

127 2656 283 2737 asperata
310 2656 445 2738 largitur
471 2658 629 2738 tantoque,
660 2658 686 2721 si
710 2654 771 2720 dici
799 2656 881 2733 lieet,
912 2654 1012 2719 maior
1041 2653 1090 2717 est
1107 2649 1292 2718 hominibus

163 2758 358 2822 humanitate
387 2762 418 2823 et
448 2760 660 2825 beniuolentia
693 2761 808 2840 quanto
842 2758 997 2840 potestate
1030 2757 1123 2837 atque
1155 2755 1292 2819 natura?

162 2860 316 2942 paratum,
341 2865 376 2926 ut
399 2863 443 2928 ait
465 2863 587 2942 Liuius,
611 2863 695 2927 iuter
715 2864 870 2928 Romanos
885 2859 1076 2940 Sabinosque
1098 2859 1226 2935 bellum,
1250 2857 1347 2935 eo,20

136 2967 242 3046 «quud
277 2964 439 3030 difficilius
474 2966 574 3032 sedari
608 2965 722 3048 potest,
757 2967 902 3048 coeptum
933 2981 1040 3045 preces
1075 2964 1231 3043 quondam
1262 2964 1293 3026 et

162 3068 359 3132 interuentus
375 3085 518 3135 carorum
540 3069 706 3152 pignorum
722 3067 934 3144 sustuleruut3
961 3083 1093 3146 cumque
1108 3083 1171 3129 una
1187 3083 1293 3128 eorum

27 3159 28 3198 ³
131 3189 237 3253 rogerus
272 3174 351 3235 esset
384 3175 497 3236 natura
531 3171 615 3235 ferox
644 3169 707 3234 alia
735 3169 840 3234 dolore
869 3169 1002 3250 feruens,
1038 3167 1163 3232 tautum
1186 3168 1292 3232 tamen

162 3273 241 3338 nisio
266 3274 395 3338 affectus
419 3274 522 3339 mutui
543 3273 656 3355 ualuit,
680 3279 716 3337 ut
739 3291 797 3336 nec
811 3273 969 3338 Romanus
993 3289 1194 3336 memorasse
1218 3269 1294 3335 belli

163 3395 219 3441 neo
247 3376 379 3442 Sabinus
409 3382 513 3459 posset
542 3378 683 3456 iniuriae,
713 3378 745 3442 et
767 3377 816 3441 illi
845 3377 938 3458 paulo
969 3378 1042 3439 ante
1064 3375 1122 3440 feri
1144 3389 1180 3438 ao
1201 3375 1293 3439 semi-

164 3479 296 3558 barbari,
331 3483 455 3564 cognati
489 3481 649 3564 sauguiuis
684 3480 800 3562 cupidi,
835 3479 883 3544 sul
916 3478 1046 3561 prodigi,
1082 3475 1230 3560 amplecti
1262 3496 1294 3541 se

164 3583 274 3648 mutuo
296 3582 481 3665 inciperent,
506 3585 579 3667 quia
601 3585 714 3668 pignus
737 3588 883 3649 mutuum
900 3582 963 3648 iam
979 3582 1093 3647 habere
1110 3581 1292 3663 coepissent,

27 3717 28 3720 ¹
129 3685 312 3769 retieretque
345 3707 425 3752 unus
459 3693 590 3770 uterque
623 3690 771 3770 populna,
806 3687 879 3769 quia
911 3704 991 3750 uuus
1020 3686 1183 3766 utriusque
1212 3685 1293 3747 esset

269 3859 301 3913 12
319 3859 376 3913 Ion.
393 3859 420 3924 4,
440 3859 470 3912 11
575 3860 608 3913 22
627 3859 687 3914 Liu.
707 3861 730 3925 1,
751 3857 784 3913 13

215 4011 232 4064 2
251 4011 339 4082 uobis]
359 4013 403 4066 bie
420 4013 483 4079 ptuit
497 4015 641 4082 porticula
658 4013 759 4068 codicis
777 4013 929 4067 Beruenses
946 4013 978 4065 ia
995 4011 1083 4064 medio
1100 4025 1201 4078 euersor,⁸
1225 4025 1296 4078 qaae

164 4103 319 4166 sequoretur
342 4113 428 4167 osque
451 4099 488 4152 ad
510 4100 676 4169 Sabinosque
699 4099 800 4154 bellum
819 4099 967 4167 porticula
990 4098 1048 4152 eod.
1066 4097 1193 4151 Porislao'
1214 4112 1296 4164 prae-

166 4184 208 4238 b‘et
312 4185 328 4238 6
352 4185 510 4240 miserimini
536 4190 664 4255 (utroquo
681 4188 748 4254 loeo)
773 4186 795 4240 0
898 4185 930 4240 13
955 4181 1171 4238 concurbitamen
1194 4182 1241 4236 sect
1265 4197 1297 4234 en

160 4276 260 4338 paam.
285 4271 307 4325 Ο
408 4271 442 4325 22
459 4276 568 4342 paratus
592 4273 614 4328 O
716 4273 750 4326 24
767 4274 932 4326 interuentos
949 4285 1032 4338 super
1049 4286 1064 4322 o
1083 4285 1135 4322 scr.
1153 4284 1170 4321 u
1188 4285 1221 4321 m.
1241 4273 1258 4322 1
1278 4269 1300 4324 O

165 4359 229 4411 item
243 4359 331 4426 poulo
352 4365 414 4426 post
432 4375 555 4414 romanos
658 4360 692 4412 27
716 4359 804 4428 possit
822 4359 882 4427 (sic)
910 4357 933 4413 0
1034 4353 1099 4408 ferri
1123 4355 1230 4410 Omz

164 4441 200 4500 28
218 4442 321 4512 cupidis
338 4447 370 4496 ut
389 4445 539 4513 prodigit)
640 4445 675 4500 30
691 4445 799 4513 utrique
816 4461 837 4499 s.
856 4446 867 4498 i
884 4459 934 4498 scr.
954 4458 985 4496 ua
1003 4458 1038 4498 m.
1056 4441 1118 4496 10

216 4546 295 4601 uuus.
837 4615 839 4622 Ι
1163 4546 1196 4599 14
