3172 5098
283 441 347 508 292
774 435 930 520 Saluiani

284 629 364 696 mibi
393 629 508 712 itaque,
540 646 594 693 cur
616 628 693 692 haee
714 629 781 691 tam
802 623 930 708 prouide
952 623 986 690 in
1015 625 1205 690 testamento
1229 642 1332 705 canes,
1359 643 1418 692 cur

285 741 353 800 tam
372 731 521 799 sollicito
556 749 592 796 ac
626 733 795 813 prudenter
831 729 1015 794 interseris?
1051 729 1168 811 absque
1201 727 1310 808 dubio,
1344 729 1418 812 quia

286 836 495 902 necessariam
518 834 587 912 tibi,
611 836 686 900 dum
708 831 801 911 uiuis,
824 851 891 896 rem
914 831 1001 896 luam
1022 831 1153 910 iudicas,
1182 832 1256 913 quia
1279 831 1416 898 alienare

286 940 318 1005 te
341 937 546 1006 facultatibus
569 939 632 1002 tuis
654 956 714 1003 non
736 936 786 1001 uis
809 936 842 1000 et
863 934 1097 1018 iniquissimum
1121 935 1212 1018 putas
1235 935 1307 1002 uiuo
1331 940 1362 1001 te
1385 936 1418 1000 et

287 1042 437 1110 ineolumi
466 1041 567 1108 elium
589 1045 643 1105 luo
667 1039 798 1105 diuitem
826 1037 902 1122 fieri,
934 1039 966 1103 le
988 1041 1093 1104 autem
1116 1036 1319 1104 mendicitate
1342 1056 1454 1104 con-e

287 1146 378 1212 sumi.
410 1165 520 1212 uerum
542 1146 592 1210 est
614 1162 671 1210 nec
691 1143 945 1210 inrationabilem
961 1153 1068 1208 curem
1083 1142 1193 1222 abnuo,
1218 1145 1250 1208 et
1265 1141 1418 1226 quidquid

287 1253 359 1316 ate
381 1249 415 1315 in
439 1249 521 1314 hunc
543 1247 670 1314 modum
701 1246 816 1313 dieitur
844 1245 950 1329 probo.
989 1247 1098 1312 sedin
1126 1265 1186 1312 uno
1209 1247 1314 1312 tamen
1337 1245 1418 1312 mihi

236 1351 276 1418 68
287 1354 364 1419 satis
386 1352 454 1418 fieri
476 1369 495 1416 a
517 1355 548 1417 to
571 1351 670 1434 cupio.
705 1349 781 1433 quid
805 1349 948 1432 estquod
970 1351 1016 1434 tu,
1041 1350 1094 1432 qui
1117 1349 1175 1416 tibi
1199 1367 1291 1414 usum
1312 1368 1419 1414 rerum

287 1458 414 1522 tuarum
436 1456 601 1537 tantopere
622 1454 831 1519 neceesarium
854 1454 954 1538 putas,
978 1452 1098 1519 fructus
1116 1473 1153 1519 ac
1174 1453 1294 1519 reditus
1316 1453 1419 1519 facul·
1570 1509 1571 1518 ,

287 1560 365 1626 tatis
399 1559 473 1624 tuae
506 1559 576 1640 post
609 1561 743 1622 mortem
776 1557 967 1622 necessarios
997 1574 1064 1622 esso
1094 1575 1156 1622 non
1186 1558 1303 1640 putas?
1340 1557 1458 1622 dicisro
1570 1571 1571 1650 j

289 1663 405 1746 absque
436 1662 542 1746 dubio,
573 1662 645 1744 quia
674 1661 798 1727 mortuo
829 1660 909 1726 nihil
938 1679 1015 1742 opus
1043 1663 1091 1727 eet
1113 1679 1170 1727 nee
1192 1661 1420 1727 reseruandum
1570 1651 1571 1654 '

287 1765 367 1830 mihi
397 1766 567 1849 quidquam
591 1764 625 1829 in
646 1769 770 1848 tempus
800 1763 880 1830 illud
903 1767 961 1842 est,
991 1766 1065 1848 quie
1088 1765 1255 1831 defunctus
1278 1763 1421 1830 cenibil

288 1871 425 1936 sentiens
448 1888 505 1935 nec
527 1868 676 1934 delectari
691 1885 818 1950 possum
833 1867 1026 1948 possessione
1042 1888 1145 1935 rerum
1162 1887 1302 1934 mearum
1318 1888 1419 1952 neque

238 1975 280 2041 69
290 1973 457 2038 amissione
487 1970 628 2037 cruciari.
668 1973 793 2036 euidens
824 1990 917 2036 eausa
947 1972 1002 2036 est.
1041 1990 1114 2055 ergo
1145 1972 1260 2038 idcirco
1283 1972 1420 2038 moriens

289 2076 498 2142 substantiam
531 2079 620 2140 tuam
654 2075 745 2140 alteri
772 2077 913 2157 deputas,
949 2075 1023 2158 quia
1050 2093 1159 2158 cupere
1182 2096 1217 2142 ex
1240 2094 1277 2141 aa
1299 2075 1461 2142 fructusre

289 2182 359 2264 post
388 2181 520 2246 mortem
551 2180 618 2262 ipse
648 2198 710 2244 non
739 2179 848 2262 possis.
887 2180 941 2245 sed
971 2178 1055 2262 quid,
1087 2181 1168 2262 quod
1196 2179 1422 2244 electissimum

289 2301 346 2349 uas
370 2282 419 2347 dei
440 2284 598 2367 apostolus
619 2283 737 2349 Paulus
760 2281 946 2348 testificatur
969 2286 1001 2348 et
1028 2282 1153 2363 clamat,
1192 2285 1274 2366 quod
1308 2301 1423 2367 quae·

290 2406 456 2474 cumque,
480 2386 590 2452 bomo
622 2388 660 2452 in
691 2385 775 2452 uita
804 2387 875 2452 hac
903 2387 1180 2471 semineuerit,
1216 2388 1309 2452 haec
1331 2387 1423 2469 post

290 2493 452 2557 mortem
476 2491 615 2570 metat,
640 2491 759 2571 etqui
777 2489 1077 2572 parceseminat
1094 2509 1209 2573 pareo
1227 2493 1265 2555 et
1287 2492 1422 2570 metat,

291 2594 418 2678 etqui
447 2595 616 2660 seminat
638 2595 677 2658 in
708 2592 988 2660 benedictione
1011 2612 1052 2658 ex
1081 2595 1360 2661 benedictione
1383 2595 1462 2660 etro

290 2699 423 2762 metat.
463 2717 499 2762 ex
528 2716 587 2780 quo
617 2699 723 2780 aperte
753 2696 897 2783 intellegi
920 2698 1020 2763 uoluit
1042 2716 1102 2776 eos,
1134 2697 1188 2780 qui
1209 2697 1369 2764 seminent
1388 2697 1424 2762 in

291 2802 442 2884 parcitate
465 2800 712 2866 benedictionem
736 2806 854 2867 metere
876 2821 938 2867 non
961 2819 1060 2884 posse.
1097 2820 1169 2866 cum
1192 2803 1276 2866 enirn
1298 2801 1422 2866 dicens:

291 2904 345 2986 qui
375 2922 466 2987 parce
496 2905 630 2970 seminat
660 2923 750 2987 parce
778 2907 810 2970 et
839 2908 948 2989 metet,
983 2905 1090 2988 etqui
1113 2903 1249 2970 seminat
1272 2906 1303 2969 in
1327 2907 1423 2971 bene-

292 3007 427 3072 dictione
461 3027 498 3074 ex
531 3007 745 3074 benedictione
780 3012 811 3072 et
844 3010 953 3087 metet,
988 3009 1150 3074 euidenter
1184 3009 1291 3091 ulique
1326 3007 1423 3072 bene·

293 3111 461 3176 dictionem
483 3111 516 3176 in
532 3111 599 3177 sola
615 3113 752 3194 posuerit
767 3111 925 3194 largitate,
941 3111 1081 3176 ostendit
1096 3130 1203 3193 parcos
1219 3112 1462 3177 seminatoresrc

292 3214 529 3280 mendicitatem
551 3215 654 3298 tergus
681 3214 926 3280 benedictionem
950 3233 1017 3280 esse
1039 3234 1204 3280 messuros,

397 3419 429 3473 17
448 3418 508 3472 Gal.
526 3419 551 3485 6,
569 3419 586 3474 8

347 3590 363 3643 1
387 3605 464 3644 cauas
483 3605 517 3645 en
534 3591 607 3646 cauis
625 3607 692 3646 corr.
711 3608 745 3645 n.
764 3595 783 3646 2
800 3593 855 3646 AB
959 3593 975 3646 6
998 3592 1187 3646 rationabilem
1206 3594 1232 3658 (b
1251 3595 1286 3659 et)
1305 3593 1424 3648 Ritters·

294 3677 390 3732 Pennus
486 3677 587 3731 tmihi
605 3679 696 3731 tamen
712 3677 799 3746 se'pnc's
817 3678 1040 3747 transpositionis
1058 3679 1162 3734 odana
1179 3679 1207 3732 A
1300 3678 1333 3733 12
1352 3680 1423 3749 quic·

295 3778 375 3832 quam
389 3764 448 3830 (sic)
466 3763 522 3817 AB
607 3763 679 3832 quie]
697 3780 749 3833 qno
767 3763 970 3824 Rittersbnsine
1060 3766 1091 3819 16
1110 3764 1365 3820 delectissimumen
1377 3764 1422 3818 dil.

293 3864 363 3903 corr.
381 3851 448 3902 n.2
466 3848 493 3902 B
595 3850 629 3903 19
647 3853 731 3905 metet
749 3850 877 3918 deinceps
895 3857 938 3906 ter
956 3867 1025 3906 corr.
1044 3867 1078 3906 en
1096 3854 1182 3906 metat
1199 3854 1267 3905 nu2
1284 3852 1312 3905 A
1338 3853 1424 3906 metat

293 3933 358 4003 Bp)
367 3958 373 4002 ;
397 3935 480 3989 ‘bned
497 3935 552 3990 ecio
570 3952 608 3989 an
626 3942 700 3991 recte
717 3941 748 3990 nt
764 3937 795 3990 tn
812 3937 946 3991 relatione
962 3937 1107 3992 indirecte?
1125 3937 1271 4005 Holntns;
1290 3953 1356 3992 eane
1374 3942 1425 3990 ant

293 4023 380 4074 metat
397 4021 476 4076 scrib
495 4027 534 4076 eet
551 4027 600 4076 ont
618 4022 700 4076 eiecto
718 4022 788 4091 quod
806 4027 871 4076 ante
888 4038 1079 4092 quaecumque,
1099 4023 1171 4092 qnod
1189 4023 1274 4089 facile
1291 4039 1327 4077 en
1344 4029 1422 4077 ante·

294 4106 402 4161 cedenti
420 4107 492 4176 quid,
512 4107 583 4177 quod
600 4107 644 4162 bic
661 4110 747 4177 repeti
755 4114 874 4176 poterat,
894 4112 984 4176 metet,
1003 4114 1035 4163 nt
1046 4124 1106 4163 cnm
1118 4110 1212 4165 statim
1225 4109 1276 4179 (23.
1290 4108 1334 4174 24)
1352 4125 1422 4177 sepo.

290 4193 376 4262 plone
400 4199 543 4262 conponat,
571 4193 619 4248 nbi
640 4194 680 4248 bis
701 4196 784 4248 metet
800 4195 899 4266 tepitnr
916 4196 950 4261 ef.
970 4201 994 4259 ἕ.
1013 4198 1049 4249 74
1152 4195 1185 4250 22
1211 4195 1280 4265 cum]
1300 4195 1366 4250 dum
1383 4194 1423 4250 ed.

295 4279 435 4334 Batneinc
542 4279 576 4334 23
602 4281 687 4334 metat
711 4280 738 4334 B
763 4281 821 4348 (sed
842 4282 935 4336 statim
958 4287 1029 4337 reete
1051 4284 1144 4347 metet)
1254 4285 1282 4336 et
1305 4283 1424 4352 qui-et

295 4366 380 4419 metet
397 4381 447 4419 om.
466 4365 493 4418 A
