3134 5098
442 496 479 552 de
497 497 633 567 gubern.
651 496 703 554 dei
726 496 771 554 111
789 501 805 563 d
823 497 935 554 23-28.
1209 499 1251 568 51

124 703 182 768 pro
203 684 276 750 aliie
299 686 383 754 sicut
411 705 467 770 pro
496 686 586 754 nobis
607 687 734 754 iusserit
759 687 899 772 cogitare
906 731 915 766 ,
943 687 999 756 ille
1025 688 1098 772 plus
1119 687 1253 756 aliorum

124 805 182 852 nos
195 790 368 856 commodis
378 789 473 856 iussit
481 790 643 858 consulere
657 809 752 874 quam
767 791 892 875 noeais,
909 791 983 858 boni
997 791 1120 858 scilicet
1135 791 1254 858 domini

124 892 228 958 bouus
251 893 389 958 famulus
412 893 444 958 et
466 892 638 977 singularis
658 893 803 978 magistri
825 880 1003 976 praeclatus
1026 894 1176 974 imitator,
1199 893 1254 978 qui

124 994 158 1058 in
181 995 329 1080 uestigiis
355 995 475 1061 domini
502 995 553 1062 oni
580 995 744 1062 ambulans
766 994 941 1079 patentiora
968 997 1193 1080 quodammodo
1222 999 1254 1064 et

103 1101 317 1182 sexpressiora
345 1098 477 1182 pedibus
498 1099 565 1164 suis
588 1099 665 1165 feeit
691 1098 809 1168 domini
831 1100 881 1166 sui
908 1117 974 1166 eoae
1001 1099 1144 1186 uestigia.
1179 1101 1254 1184 quid

124 1201 326 1284 argutorum
340 1202 473 1268 mmmm
488 1201 671 1284 Christiani,
686 1203 769 1287 quod
783 1202 926 1270 wacca
944 1221 985 1269 an
1000 1205 1081 1286 quod
1096 1203 1253 1288 apostolus

122 1305 236 1370 iubat?
281 1307 356 1388 puto
387 1305 515 1371 annino
538 1305 619 1389 quod
648 1306 803 1374 neumam.
847 1323 921 1372 nam
943 1307 1068 1374 tautum
1096 1306 1189 1374 abest
1216 1307 1254 1372 ut

123 1407 261 1472 aliorum
290 1408 459 1474 commodis
488 1409 605 1490 aliquid
633 1427 704 1476 oum
729 1407 855 1492 propria
881 1408 1135 1476 incommoditate
1161 1428 1253 1493 prae·

124 1512 258 1590 stemus,
279 1512 316 1576 ut
337 1529 444 1576 omnes
467 1511 519 1578 uel
539 1512 673 1578 maximo
695 1511 811 1578 nostsis
833 1511 1003 1578 commodis
1025 1532 1098 1580 mum
1120 1514 1253 1580 alionum

91 1614 322 1704 ninoommodo
345 1614 551 1682 consulamus.

166 1717 240 1784 VII.
266 1715 327 1784 Sed
355 1717 471 1802 eligere
498 1718 630 1785 forsitan
658 1717 776 1784 maiora
807 1733 946 1801 quaeque
966 1717 1145 1801 uideamur,
1174 1722 1303 1804 quasit

122 1819 231 1888 nullus
254 1820 386 1906 impleat
410 1825 452 1903 et,
475 1825 514 1889 ut
534 1822 597 1906 ipsi
618 1823 741 1905 putant,
764 1822 890 1905 impleri
904 1824 1032 1888 omnino
1045 1825 1251 1908 nonpossint,

124 1928 157 1990 et
176 1925 351 2007 praeterire
372 1925 444 2001 alia,
468 1943 547 2008 quaa
569 1926 602 1991 et
623 1925 748 2008 implori
770 1925 889 2008 queant
908 1927 941 1990 et
963 1929 1005 1992 ab
1024 1927 1167 1992 omnibus
1189 1929 1252 1992 im·

123 2027 283 2110 placatur,
306 2029 360 2094 sed
380 2029 520 2112 primum
542 2029 624 2095 illud
644 2029 904 2096 considerandum
925 2031 984 2110 oet,
1007 2029 1177 2112 quianam
1190 2050 1252 2098 seu·

94 2147 237 2197 sumum
258 2133 333 2198 licet
362 2151 399 2198 ex
421 2133 488 2213 his,
512 2151 592 2216 quae
613 2133 759 2200 dominus
780 2153 857 2200 suns
878 2137 1031 2218 imperat,
1058 2134 1173 2220 eligere
1196 2153 1253 2218 pso

123 2234 257 2300 arbitrio
281 2235 358 2318 quid
379 2237 458 2302 uelit
480 2236 580 2302 facere
596 2237 670 2320 quid
685 2238 774 2317 nolit,
797 2240 829 2304 et
844 2237 1090 2304 insolentissima
1104 2239 1253 2305 abusione

123 2339 206 2421 quod
230 2339 389 2422 placuerit
409 2339 572 2406 adsumere
595 2340 677 2423 quod
700 2339 894 2423 displicuerit
915 2341 1095 2422 repudiare,
1117 2343 1252 2408 maxime

124 2459 195 2506 cum
218 2444 252 2508 et
274 2443 436 2508 terrestres
459 2443 577 2508 domiui
599 2461 793 2528 nequaquam
818 2461 915 2525 aequo
937 2444 1041 2510 animo
1056 2435 1253 2512 tolerandum

122 2546 252 2626 putent,
281 2545 309 2612 si
337 2546 492 2612 iussiones
519 2564 592 2612 suas
615 2545 700 2612 serui
729 2550 876 2629 exparte
899 2546 1029 2613 audiant
1052 2551 1083 2612 et
1105 2566 1141 2614 ex
1162 2549 1251 2632 parte

92 2650 339 2730 acontomnant,
353 2653 385 2714 et
399 2669 454 2732 pro
469 2648 602 2716 libidine
616 2667 672 2715 sua
682 2668 760 2732 quae
772 2651 951 2734 putauerint
966 2650 1109 2718 facienda
1123 2652 1251 2732 facient,

121 2769 197 2834 quae
219 2753 402 2836 putauerint
423 2753 631 2820 conculcanda
652 2753 846 2822 conculcent
880 2755 907 2820 si
936 2756 1019 2820 enim
1040 2773 1094 2838 pro
1117 2751 1251 2823 arbitrio
1260 2761 1302 2828 28

121 2873 177 2920 suo
199 2857 282 2922 serui
305 2857 439 2924 dominis
462 2857 695 2939 obtemperant,
725 2876 765 2922 ne
786 2859 819 2922 in
840 2855 890 2923 bis
912 2857 1054 2942 quidem,
1079 2859 1117 2929 in
1139 2860 1251 2943 quibus

121 2959 416 3046 obtemperauem'nt,
439 2962 662 3044 obsequuntur.
690 2961 813 3044 quando
836 2961 920 3026 euim
941 2979 1050 3027 seruus
1073 2981 1110 3028 ex
1131 2962 1251 3030 domini

122 3065 169 3128 eui
198 3063 292 3130 iussis
321 3083 357 3130 ee
385 3065 465 3130 facit
493 3060 709 3130 tantummodo
740 3083 818 3148 quae
851 3064 922 3130 uult
950 3063 1065 3146 facore,
1099 3064 1165 3132 iam
1191 3085 1252 3132 non

92 3166 313 3234 odemiuicam
340 3169 538 3234 uoluntatem
565 3167 679 3250 implet
707 3169 762 3234 sed
791 3186 893 3234 suam.
937 3168 967 3233 si
993 3187 1066 3252 ergo
1094 3188 1167 3248 nos,
1197 3171 1251 3254 qui

121 3271 302 3337 homunculi
331 3271 482 3336 imbecilli
508 3289 632 3353 sumus,
663 3271 822 3337 contemni
847 3275 952 3337 tamen
974 3289 993 3336 a
1014 3270 1115 3336 seruis
1136 3273 1251 3338 nostris

94 3412 97 3417 -
121 3376 247 3438 omnino
270 3375 425 3455 nolumus,
453 3394 528 3458 quos
551 3377 613 3441 etsi
636 3374 724 3440 nobis
746 3374 909 3442 seruitutis
932 3370 1072 3440 condicio
1087 3371 1250 3443 inferiores

119 3477 256 3543 bumana
278 3481 385 3546 mmen
406 3497 473 3545 sors
495 3479 598 3544 reddit
619 3477 779 3562 aequales,
806 3497 901 3563 quam
920 3477 1028 3562 inique
1049 3479 1158 3562 utique
1180 3497 1250 3546 cae-

167 3665 186 3719 n
205 3667 341 3722 ammo
359 3683 392 3724 aa
410 3669 573 3724 macularum
596 3671 626 3725 n
641 3685 712 3726 aare
730 3685 764 3725 a.
783 3671 804 3725 a
906 3658 954 3726 uffa
971 3686 1006 3727 aa
1022 3658 1068 3726 effi
1084 3672 1113 3727 a
1129 3685 1198 3728 aare.
1216 3672 1250 3726 a·

119 3753 266 3809 rum
361 3755 588 3825 inam1nonB
688 3756 1050 3816 limitandas
1148 3759 1248 3813 ntea

119 3837 197 3893 Bm.
217 3843 234 3892 1
335 3839 397 3910 ipsi]
414 3841 494 3910 impii
510 3841 588 3896 baad
605 3842 815 3911 inprobabiliter
831 3841 982 3898 Henaton·
1082 3843 1181 3910 putent
1196 3841 1248 3896 im-

119 3923 183 3992 plcri
196 3925 399 3982 Rittcrbueiasc
422 3927 711 3996 putantimpleaeAB
797 3928 1247 3998 poesemeedetoracdoorm

120 4008 168 4064 lia.
190 4015 227 4064 aed
248 4011 336 4077 saian
349 4018 445 4081 pacm
467 4017 559 4082 possit
659 4015 694 4070 lo
709 4014 820 4084 implere
837 4008 943 4084 queant
955 4015 984 4070 A
1077 4015 1110 4069 16
1127 4012 1247 4068 uellit-

120 4095 200 4150 uollit
217 4097 266 4151 ola
285 4097 296 4151 l
313 4097 353 4152 iit.
370 4103 469 4168 ponat.
493 4099 523 4156 A
546 4099 746 4156 nolit-nollit
766 4099 797 4154 Β
898 4101 931 4156 17
953 4100 1128 4170 displicuerit
1150 4100 1177 4154 A

120 4181 153 4234 20
177 4184 372 4252 mntempnant
393 4186 425 4240 A
524 4187 558 4240 22
584 4203 664 4242 mmo
688 4189 772 4256 (com.
799 4187 882 4256 serui)
907 4204 955 4244 suo
980 4189 1009 4244 B
1111 4186 1146 4242 23
1172 4185 1246 4240 obse-

122 4271 218 4334 quntar
230 4269 294 4336 (aia)
310 4271 338 4324 A
433 4272 469 4327 24
485 4271 568 4328 iumii·
585 4275 613 4330 B
710 4273 744 4328 25
761 4274 933 4330 uoluntatem
948 4290 1006 4330 noa
1019 4273 1189 4342 uoluptatem
1201 4273 1246 4341 <esd

121 4350 249 4408 Holmoe
265 4354 346 4420 odos)
366 4357 397 4412 A
496 4359 532 4414 26
556 4359 717 4415 homunculi
741 4361 769 4414 A
871 4357 1024 4429 contempni
1045 4358 1103 4414 AB
1125 4358 1163 4426 (A
1180 4357 1246 4414 italo

116 4439 202 4505 poulo
215 4446 281 4510 poet
299 4443 511 4513 contempnimus
529 4450 557 4501 ct
573 4445 806 4516 contempnendos,
826 4446 874 4502 ubi
891 4443 926 4502 cic
942 4444 970 4500 B
985 4459 1042 4500 aon
1058 4444 1154 4514 liquot)

1105 4546 1143 4601 4*
