3172 5098
289 479 355 544 276
621 523 622 530 ,
777 473 940 529 Saluiani

291 687 368 750 opus
397 667 440 732 sit
470 666 626 750 religiosis
655 665 740 731 iusta
767 665 951 750 patrimonii
977 665 1143 747 portione?
1177 667 1358 746 respondeo:
1389 667 1428 728 ιιι

291 769 451 852 religionis
466 769 639 854 fungentur
650 768 762 854 offioio,
778 771 815 834 ut
829 769 1049 864 religiosorum
1064 769 1156 834 rebus
1172 768 1282 851 religio
1294 751 1426 846 ditetur,

291 861 536 940 ut‘doh'ent'ut
565 873 741 958 largiantur
770 875 808 938 ut
841 871 906 938 illis
937 871 1128 938 habentibus
1158 871 1263 938 eunoti
1284 870 1457 938 habeant·

290 995 352 1044 non
374 955 663 1144 habentes,limmo,
690 977 717 1041 si
739 976 830 1042 tanta
851 978 899 1042 est
921 993 1029 1042 eorum
1051 975 1126 1040 fides
1149 976 1245 1056 ιιιριιο
1265 974 1427 1058 perfectio,

290 1082 328 1148 ut
348 1081 483 1146 habeant
506 1081 534 1145 oi
552 1098 569 1145 o
590 1097 653 1146 non
668 1078 818 1158 babituri,
842 1078 964 1144 beatius
979 1079 1098 1162 utique,
1122 1080 1287 1161 postquam
1307 1078 1427 1142 habue-
1448 1099 1461 1140 e

238 1184 281 1250 24
290 1185 363 1264 rint,
387 1202 449 1248 non
473 1183 631 1248 habentes
666 1201 721 1248 our
738 1184 790 1266 eis,
814 1199 938 1264 quaeso,
962 1181 1251 1248 oinhumanissimi
1266 1185 1426 1264 parentes,

290 1267 512 1353 nenessitatem
542 1285 779 1371 indignissimae
804 1285 1005 1374 paupertatis
1035 1285 1213 1368 inponitis?
1250 1286 1428 1367 permittito

289 1392 348 1458 hoe
369 1391 516 1474 religioni
537 1390 608 1474 ipsi,
636 1391 686 1456 oui
708 1389 788 1456 lilios
810 1388 1005 1456 tradidistis:
1039 1390 1154 1456 reotius
1178 1407 1329 1471 pauperes
1352 1407 1372 1453 a
1394 1407 1428 1454 se

289 1496 380 1564 fiunt
417 1494 596 1562 sitantum
619 1511 670 1558 eos
692 1494 799 1576 inopes
823 1511 891 1557 esse
907 1491 1033 1574 cupitis,
1057 1492 1218 1558 concedite
1235 1492 1269 1556 id
1283 1493 1427 1574 ipsorum

289 1599 460 1664 deuotioni.
504 1597 600 1664 lioeet
632 1597 684 1674 eis,
719 1611 918 1680 quaesumus,
951 1599 988 1660 ut
1021 1596 1122 1663 uelint
1155 1614 1309 1678 pauperes
1342 1595 1461 1661 fierine

289 1701 406 1786 eligere
442 1702 580 1784 inopiam
603 1699 734 1766 debent
772 1717 834 1766 non
870 1700 1037 1766 sustinere.
1087 1702 1259 1784 postremo,
1298 1699 1426 1765 etiamsi

288 1806 475 1884 sustineant,
499 1804 663 1870 deuotione
687 1821 756 1868 eam
778 1804 918 1870 tolerent
939 1822 1000 1870 non
1026 1803 1227 1870 damnatione
1249 1802 1377 1887 patiant
1418 1853 1425 1866 .

237 1907 345 1976 25our
379 1927 429 1974 eos
462 1908 553 1974 uelut
581 1908 735 1972 enatura
762 1907 918 1990 expellitis
948 1909 981 1972 et
1009 1908 1099 1990 qmsi
1126 1910 1233 1972 eiuro
1262 1907 1424 1990 sanguinis

290 2010 466 2078 abdicatis?
500 2012 534 2076 et
556 2029 612 2094 ego
631 2029 696 2076 ease
712 2029 764 2078 eos
786 2029 939 2093 pauperes
960 2010 1044 2090 uolo,
1066 2015 1119 2077 sed
1135 2015 1171 2076 ut
1187 2012 1302 2078 habeat
1318 2013 1426 2076 tamen

289 2116 465 2200 praemium
487 2133 579 2180 suum
600 2114 670 2198 ipsa
691 2115 867 2198 paupertas,
891 2133 928 2181 ao
949 2114 1108 2197 praeclara
1130 2115 1344 2181 demutatione
1367 2115 1459 2180 eli-u

236 2287 238 2296 ,
288 2217 366 2302 gant
387 2217 525 2301 inopiam
547 2238 583 2284 ex
607 2217 705 2302 eopia,
734 2221 771 2282 ut
794 2237 830 2282 er
852 2219 975 2301 inopiae
997 2219 1147 2285 electione
1169 2219 1292 2303 copiam
1316 2236 1423 2284 eonse-

289 2325 433 2406 quantur.
471 2341 663 2406 quamquam
696 2322 771 2404 quid
805 2340 862 2407 ego
892 2340 948 2387 uos
977 2342 1034 2405 per
1066 2323 1173 2406 ipsum
1206 2323 1424 2389 sanctissimae

288 2426 422 2492 rationis
438 2426 574 2493 officium
590 2427 715 2492 trahere
731 2429 770 2492 ad
785 2427 1016 2492 humanitatem
1034 2428 1246 2509 pietatemque
1261 2430 1423 2508 contendo,

289 2547 362 2594 oum
390 2529 423 2595 id
451 2532 601 2596 maxime,
617 2527 750 2596 obsistat
779 2530 812 2594 et
843 2529 920 2597 haee
949 2549 997 2596 res
1027 2534 1170 2613 parentes
1193 2530 1295 2613 inpius
1317 2530 1424 2606 faeiat,

237 2633 279 2698 26
289 2650 367 2715 quae
389 2635 457 2716 pios
480 2634 582 2699 faeere
606 2633 756 2698 deberet?
784 2653 858 2698 nam
887 2652 959 2699 oum
982 2652 1037 2698 uos
1060 2634 1129 2699 ideo
1151 2634 1224 2717 plus
1247 2633 1459 2716 relinquerem
1563 2675 1564 2678 =

289 2756 326 2800 ex
353 2735 543 2817 patrimonio
571 2739 674 2802 uestro
704 2737 858 2820 religiosis
887 2736 961 2802 filiis
985 2737 1150 2816 deberetis
1181 2738 1218 2802 ut
1240 2737 1361 2820 aliquid
1385 2738 1425 2803 ad
1563 2725 1564 2728 ¹

289 2839 384 2904 deum
407 2859 443 2905 ex
466 2838 670 2905 facultatibus
692 2839 807 2905 uestris
832 2840 940 2907 saltim
962 2859 1017 2922 per
1039 2840 1120 2906 filios
1143 2841 1330 2923 perueniret,
1355 2841 1424 2908 ideo

289 2941 366 3007 filiis
400 2960 461 3006 non
494 2942 684 3024 relinquitis,
719 2962 758 3008 ne
787 2943 837 3008 illi
868 2947 924 3010 deo
954 2944 1092 3010 habeant
1121 2945 1203 3028 quod
1233 2945 1424 3028 relinquant.

288 3045 449 3130 praeclara
482 3045 631 3111 uidelicet
663 3046 786 3111 ratione
821 3050 915 3130 atque
943 3048 1070 3112 oautela
1100 3049 1240 3113 eontenti
1270 3049 1347 3113 estis
1371 3067 1423 3114 uos

288 3149 371 3217 filios
404 3168 467 3214 non
500 3168 677 3233 agnosoere,
712 3168 750 3215 ne
783 3150 832 3214 illi
861 3168 895 3214 se
924 3149 1007 3215 filios
1041 3149 1091 3218 dei
1124 3170 1190 3216 esse
1225 3156 1458 3234 eognosoant,es
1562 3197 1563 3206 ι

287 3253 490 3335 magnificam
518 3254 719 3336 repensantes
748 3253 906 3319 benefieiis
935 3255 1033 3319 saeris
1059 3255 1318 3338 uicissitudinem,
1349 3259 1422 3321 dum

288 3355 321 3422 id
343 3356 571 3424 studiosissime
600 3357 788 3440 procuratis,
817 3377 857 3423 ne
879 3359 933 3424 uel
954 3377 1009 3442 per
1030 3360 1151 3424 uestros
1180 3358 1298 3442 aliquid
1328 3359 1424 3424 honor

289 3458 340 3525 dei
369 3459 482 3525 habere
512 3461 622 3544 possit,
654 3477 727 3525 oum
749 3461 864 3542 omnia
892 3479 947 3527 uos
976 3481 1030 3544 per
1060 3462 1110 3528 dei
1132 3481 1247 3529 munus
1270 3461 1422 3528 habeatis.

342 3733 354 3786 l
375 3733 421 3801 sit]
440 3733 481 3786 est
498 3731 539 3787 ed.
558 3731 699 3788 Bodatius
800 3733 868 3788 iusti
891 3735 1049 3804 patrimonii
1073 3737 1206 3806 portione]
1226 3752 1338 3807 aequam
1356 3738 1422 3792 aoei-

288 3833 347 3887 pere
365 3834 425 3872 oum
443 3817 573 3872 iratribus
591 3818 751 3887 patrimonii
769 3819 957 3890 portionemp
976 3827 1002 3875 ot
1014 3821 1075 3877 edd.
1087 3828 1152 3877 anto
1164 3823 1259 3878 Halm.
1349 3824 1367 3877 2
1384 3823 1423 3877 di-

287 3903 367 3958 detur
392 3905 421 3957 A
523 3904 541 3958 4
566 3904 633 3958 fides
658 3921 692 3962 ea·
714 3905 775 3959 fidis
793 3923 864 3962 oorr.
883 3923 918 3964 m.
936 3911 955 3962 2
971 3909 999 3961 A
1101 3909 1118 3963 5
1147 3909 1250 3963 beatius
1275 3926 1311 3964 ere
1328 3909 1420 3966 boatus

287 4006 357 4046 oorr.
375 3993 442 4046 m.2
459 3988 487 4043 Β
591 3992 609 4045 9
626 3992 787 4046 eonoeeidite
801 3998 900 4062 mmet.
918 3993 943 4048 ei
961 3995 987 4047 A
1093 3996 1126 4049 10
1142 3995 1242 4050 uellint
1258 4003 1353 4064 pwuot.
1372 3997 1420 4050 ult.

286 4075 343 4130 lB
448 4075 481 4130 12
503 4074 624 4130 tolerent
640 4092 661 4132 o.
680 4093 696 4129 a
713 4093 767 4132 ser.
785 4094 799 4132 e
817 4082 887 4133 m.2
911 4078 939 4132 B
1043 4080 1076 4134 13
1098 4080 1175 4135 uelut
1194 4097 1228 4136 eor
1246 4081 1326 4136 uelud
1351 4096 1419 4136 oorr.

287 4163 360 4216 m.2
383 4162 409 4214 A
514 4161 547 4216 19
571 4161 703 4216 maximae
723 4165 901 4231 potestati
1003 4165 1037 4218 22
1060 4167 1157 4220 saltem
1180 4181 1216 4222 es
1240 4154 1332 4222 saltim
1351 4183 1417 4222 eurr.

288 4263 323 4300 m.
346 4249 366 4301 2
391 4248 420 4302 A
539 4248 575 4302 23
604 4248 652 4302 deo
678 4255 744 4318 post
773 4250 816 4304 illi
846 4265 955 4306 aarum
981 4257 1007 4306 et
1029 4257 1094 4320 poet
1119 4253 1240 4306 habeant
1264 4269 1284 4308 e.
1310 4255 1329 4308 l.
1356 4253 1419 4309 add.

287 4348 321 4386 or.
340 4334 361 4386 2
378 4333 415 4472 11
440 4337 466 4388 et
491 4334 531 4404 sio
556 4333 598 4389 ed.
625 4333 764 4390 Butuntos
790 4336 883 4405 (mmai
908 4352 970 4392 oum
996 4337 1022 4403 b)
1134 4338 1169 4392 24
1195 4338 1312 4392 oaumlla
1337 4339 1419 4412 ulti

289 4432 359 4472 oros.
