3132 5096
453 475 491 530 de
506 472 646 546 gubern.
664 471 718 528 dei
736 470 799 528 1111
822 470 966 537 sie-53.
1233 469 1278 536 83

145 669 376 752 bellegeremns
398 665 475 749 qnid
488 682 545 731 nes
560 681 616 746 pre
639 660 765 729 demine
787 660 855 726 iem
869 659 950 728 boue
965 659 1067 728 ferere
1082 659 1274 742 conueniret,

146 790 218 838 enm
241 771 296 838 ille
317 788 373 854 pre
395 761 487 836 melis
512 768 613 834 seruis
636 768 728 832 benis
749 763 891 842 fecissen,
921 767 954 830 ei
977 764 1185 847 compleretur
1205 763 1274 842 hoe,

144 875 229 959 qued
250 875 408 959 aposlolus
432 872 516 948 dieii,
540 871 577 936 nl
598 868 859 938 mortificaremur
881 867 1013 936 reniero
1027 866 1113 934 illins
1130 866 1198 933 boin
1213 864 1274 946 die,

144 979 305 1060 sineque
337 975 500 1044 tribulatio
532 993 631 1059 neque
664 971 811 1054 angustie
845 987 943 1054 neque
972 969 1276 1055 persuadereque

119 1081 244 1148 efemes
277 1099 377 1164 neque
409 1079 536 1146 nudibus
569 1095 670 1161 neque
702 1075 825 1160 gladius
858 1076 962 1158 pessel
995 1090 1051 1139 nos
1082 1091 1227 1157 seperare
1257 1091 1276 1140 e

143 1185 278 1252 daniele
299 1184 358 1264 dei,
382 1201 460 1267 quse
483 1183 533 1248 esi
553 1181 588 1247 in
611 1179 735 1248 Christe
757 1180 831 1248 Iesu
852 1177 978 1246 domine
1003 1179 1118 1244 nostro.

186 1306 244 1372 XI.
279 1305 358 1372 Onm
391 1323 465 1389 ergo
498 1305 576 1370 hese
598 1321 617 1369 e
638 1301 729 1368 nobis
757 1302 861 1368 deberi
891 1299 1016 1366 domine
1046 1299 1130 1366 selis
1155 1299 1330 1366 ueriumbi

142 1409 197 1492 sib,
229 1409 392 1475 uideamus
420 1408 495 1491 quid
517 1425 574 1490 pro
597 1403 647 1472 his
670 1405 788 1472 eunetis
812 1403 986 1483 reddimus,
1016 1421 1093 1486 qnae
1116 1399 1275 1474 debemus.

143 1513 222 1598 qnid
244 1513 366 1580 seilicet
388 1510 452 1578 nisi
474 1511 576 1576 bobum
597 1508 693 1590 illud,
722 1510 804 1592 qued
827 1507 1096 1590 supradiximus,
1130 1507 1277 1591 quicquid

107 1637 134 1677 ιο
142 1619 294 1684 indoneus
329 1614 476 1700 quicquid
508 1613 676 1698 indignum
708 1612 858 1698 quiequid
888 1611 928 1676 sd
950 1611 1098 1676 iniurium
1126 1610 1176 1677 dei
1205 1629 1276 1692 per-

142 1721 269 1800 binens,
317 1720 406 1784 selus
454 1716 610 1803 improbos
653 1733 755 1782 mores
799 1715 969 1800 flagitiosos
1012 1714 1114 1780 ebrias
1157 1732 1277 1781 eomes·

142 1823 299 1906 sitiones,
337 1821 480 1888 eruentes
508 1838 619 1888 munus
651 1819 784 1888 ieeiidus
814 1817 958 1885 libidines
988 1817 1115 1884 rubidus
1153 1817 1276 1902 eupidi-

141 1927 243 2006 bebes‚
289 1925 322 1990 el
361 1923 509 2009 quiequid
551 1923 630 1990 illud
672 1923 743 2005 plus
787 1921 890 2004 polest
932 1922 1121 1988 eonseiendr
1163 1921 1276 1989 hebere

142 2051 238 2116 quem
273 2028 399 2096 sermo?
436 2047 532 2112 quse
560 2026 679 2104 enirn,
712 2025 817 2109 inquil
838 2027 1013 2110 apestolus,
1047 2026 1090 2091 in
1118 2025 1275 2094 eeeulbo

110 2134 253 2200 nfinni
276 2133 322 2200 ab
344 2133 417 2210 eis,
447 2135 564 2216 bnrpe
586 2133 647 2196 ssi
668 2129 791 2197 etiem
821 2128 961 2194 dicere.
995 2148 1052 2196 nee
1074 2131 1177 2196 solum
1198 2129 1273 2207 hee;

141 2257 217 2304 nem
241 2237 300 2304 boe
321 2239 414 2302 uetus
430 2240 478 2302 esi
494 2235 526 2300 eb
547 2235 614 2302 iam
628 2232 840 2317 praesentium
864 2235 1040 2315 temporum
1063 2251 1159 2317 quem
1180 2251 1273 2316 pree·

141 2341 318 2406 beribnrum.
351 2339 433 2405 illud
455 2339 584 2424 grauius
605 2340 637 2404 ei
652 2337 827 2420 lugubrius,
850 2337 933 2419 qnod
954 2337 1090 2420 pecualis
1113 2336 1273 2404 ueteribus
1283 2333 1330 2400 53

142 2463 226 2510 nous
247 2443 403 2522 addimus,
426 2460 483 2509 nee
505 2444 607 2511 solum
630 2458 711 2506 noue
733 2441 786 2506 sed
801 2441 953 2528 quendam
975 2441 1128 2524 paganica
1145 2458 1180 2505 ee
1201 2458 1274 2526 pro·

142 2547 265 2632 digiese
288 2549 320 2612 el
347 2546 381 2612 in
409 2547 549 2612 eeclesiis
577 2544 628 2614 dei
657 2547 731 2610 ente
757 2561 820 2612 nen
847 2546 932 2624 nise,
967 2544 1119 2610 incientes
1153 2544 1275 2612 scilieel

108 2651 288 2735 murnianus
311 2651 343 2716 in
362 2651 456 2716 deum
471 2667 563 2716 uoees
578 2652 611 2717 el
626 2649 830 2716 contumelias
846 2647 1109 2732 blasphemantes,
1132 2648 1273 2716 dieentes
1353 2698 1355 2702 .

141 2757 235 2820 deum
263 2754 457 2821 incuriosum
487 2753 581 2820 deum
604 2770 666 2819 nen
689 2752 905 2818 intendentem
929 2753 1023 2818 deum
1045 2751 1274 2838 neglegentem,

246 2908 264 2962 3
280 2907 357 2962 Rem.
375 2908 401 2973 8,
419 2907 453 2962 36
556 2908 591 2962 14
607 2906 703 2976 Ephes.
722 2905 746 2974 5,
765 2907 799 2960 12

193 3045 212 3100 2
230 3045 426 3114 complerentur
443 3044 491 3100 sed
507 3061 526 3100 n
541 3050 639 3114 pubet.
657 3044 685 3099 A
789 3044 806 3099 6
828 3045 881 3117 dei]
901 3043 1004 3100 Ohrisli
1022 3043 1050 3098 B
1154 3045 1170 3100 ‘l
1188 3059 1204 3098 e
1221 3059 1274 3100 om·

140 3135 169 3187 A
265 3131 360 3186 debere
377 3135 419 3197 A3
435 3130 509 3198 ‘ford
527 3131 593 3187 beee
610 3147 660 3186 noe
677 3130 777 3186 debere’
794 3132 942 3200 Halmium
960 3147 1018 3187 nere
1031 3131 1138 3200 prolem
1156 3131 1238 3186 immo
1257 3147 1274 3186 u

140 3217 1275 3290 apertum=eepeslheeefuerleeseiditetpermutallemeelilillinA

140 3307 184 3362 ml
205 3305 393 3375 frorbertum
419 3304 456 3372 ef.
475 3304 623 3360 sus-Ber.
637 3320 668 3373 p.
685 3305 721 3358 16
827 3304 845 3358 8
870 3303 1008 3358 reddimus
1026 3319 1061 3360 ere
1079 3303 1220 3360 reddemus
1248 3304 1273 3360 A

140 3407 210 3450 corr.
228 3395 300 3447 nul
401 3392 470 3459 duae
487 3389 582 3445 demus
599 3391 628 3458 (ι’,
646 3406 669 3444 e.
687 3405 755 3458 quse
772 3405 822 3444 nse
839 3389 933 3445 demus
950 3390 1164 3459 mmepmblom
1181 3397 1273 3447 onum

141 3491 176 3532 ee>
196 3492 266 3546 quse
284 3476 425 3532 dsueemue
437 3492 493 3547 pro
515 3475 651 3542 debemus>
675 3476 704 3529 A
731 3491 799 3546 quse
821 3476 946 3532 debemus
966 3477 1007 3544 Βς
1035 3477 1135 3532 ‘mullet
1162 3476 1273 3547 probis

141 3563 249 3616 eunetis
260 3578 327 3632 quse
340 3562 465 3618 debemus
477 3561 621 3630 reddimus,
640 3561 677 3630 et.
696 3566 787 3616 lamere
802 3561 919 3616 eiusdem
934 3563 1052 3618 relellm‘
1069 3563 1272 3618 cellerariorum

144 3646 172 3702 V
183 3652 217 3702 1.·
245 3647 307 3702 Seio
330 3647 531 3703 infidelissimos
630 3646 716 3702 disere
734 3646 862 3702 aduersus
879 3647 944 3702 been
961 3663 1039 3716 posse
1062 3663 1129 3717 quse
1147 3647 1270 3702 diximns’

141 3733 276 3788 Halmius
370 3734 558 3804 112imprebes
574 3749 608 3790 err
626 3731 764 3803 improbus
782 3735 811 3788 A
828 3749 899 3788 eorr.
910 3737 979 3789 rud
1074 3733 1160 3788 ebrius
1178 3749 1199 3789 s.
1217 3749 1272 3790 ser.

140 3836 175 3873 m.
193 3833 249 3874 ree.
268 3819 292 3871 b
308 3824 333 3874 ri
350 3820 378 3874 be
397 3823 441 3886 (=
458 3819 612 3887 ebriebebes)
636 3821 665 3873 A
767 3820 1000 3875 eemmessebienes
1023 3819 1052 3876 Β
1075 3825 1102 3875 el
1118 3821 1219 3889 priore
1243 3835 1272 3876 nr
1378 3818 1380 3822 ‘

137 3909 238 3974 ρωποι.
250 3903 279 3957 A
364 3905 398 3960 12
410 3905 525 3959 iuebidss
537 3904 663 3960 libidines
674 3905 772 3975 scripsi
783 3905 864 3972 (conl.
878 3905 966 3960 Prud.
981 3908 1048 3979 περὶ
1060 3921 1139 3977 erem.
1154 3905 1272 3962 112452

141 3991 226 4044 istum
238 3988 324 4045 libido
336 3989 450 4045 foetidi.
460 4028 467 4043 .
476 3991 548 4046 lutu
557 3993 585 4046 el
595 3990 692 4047 cloeeis
704 3991 854 4060 inquinei)=
867 3991 983 4046 ieedibes
991 3997 1022 4057 (s.
1033 3993 1076 4046 bes
1086 3991 1150 4046 add.
1160 3994 1198 4059 be)
1207 3991 1273 4046 libi·

142 4074 213 4130 dinis
226 4079 275 4144 (en
286 4077 358 4144 ner)
368 4076 398 4130 A
407 4091 443 4131 er.
455 4079 474 4132 2
494 4075 637 4132 inedibebes
647 4076 772 4132 libidinis
784 4077 813 4134 Β
832 4076 924 4132 ioedes
936 4076 1063 4132 libidines
1075 4076 1202 4132 Halmius

140 4161 249 4218 rabidas
261 4161 404 4218 Halmius:
422 4161 529 4232 renides
541 4163 569 4218 A
579 4179 601 4218 s.
613 4164 662 4218 des
673 4179 725 4220 eur.
737 4163 765 4218 ill
777 4165 838 4232 (eir)
850 4169 876 4218 et
887 4164 926 4222 Β,
1005 4163 1039 4217 13
1055 4161 1126 4218 illud
1136 4163 1164 4216 Β
1177 4169 1204 4219 el
1215 4180 1269 4220 ree.

142 4247 265 4304 sads
292 4249 480 4318 estquodA
583 4249 736 4322 lbebiem]
763 4250 1272 4320 enimAlortumeoeasteeedem·

143 4333 224 4401 enim)
328 4332 379 4388 boe
405 4333 492 4390 solnm
517 4335 546 4390 Β
649 4336 682 4390 16
708 4336 889 4405 praesentium
911 4351 946 4391 ee
965 4334 1125 4404 presserlim
1147 4335 1177 4390 A
1200 4352 1272 4394 sorr.

143 4434 178 4472 ere
194 4420 228 4474 2:
251 4418 400 4489 praesentis
416 4419 446 4475 Β
548 4420 584 4475 20
600 4422 790 4478 rentumeliose
808 4437 842 4478 en
859 4419 1034 4478 eentumeliee
1051 4421 1079 4476 A
1096 4435 1130 4475 m.
1148 4436 1202 4480 ree.

1132 4527 1169 4582 6*
