3178 5100
291 471 355 538 202
463 441 466 448 ¹
772 464 931 520 Saluiani
1048 484 1050 496 ·

290 660 449 737 obscurus,
485 657 574 722 domo
603 674 663 721 non
693 654 889 738 despicabilis
919 658 950 720 et
979 659 1016 721 do
1046 673 1105 738 quo
1138 655 1255 739 aliquid
1288 655 1419 722 fortasse

293 763 427 845 amplius
450 760 593 842 dicerem,
616 759 676 824 nisi
698 758 887 841 propinquus
911 776 996 824 meus
1019 759 1109 824 esset.
1138 760 1195 824 hoc
1217 759 1299 825 enim
1323 760 1360 826 fit
1383 764 1419 827 ut

294 866 396 931 minus
432 863 543 944 dicam,
573 867 618 926 'ne
651 864 688 927 de
721 879 772 926 me
805 861 873 944 ipso
907 861 1009 926 dicere
1038 864 1144 928 uidear
1176 863 1214 927 de
1242 861 1296 928 illo
1327 863 1419 944 plura

292 968 432 1034 dicendo.
471 968 605 1031 matrem
639 983 711 1048 ergo
742 964 778 1045 is,
814 967 933 1047 dequo
962 965 1037 1044 dico,
1071 965 1261 1050 Agrippinae
1290 966 1419 1032 uiduam

293 1069 420 1152 reliquit
448 1069 576 1152 probam
608 1068 770 1132 honestam
793 1067 824 1132 et
845 1067 884 1133 de
907 1086 967 1150 qua
993 1067 1124 1134 forsitan
1147 1067 1295 1134 audacter
1318 1069 1418 1136 dicere
1444 1094 1460 1136 e

292 1172 426 1256 ualeam,
449 1191 521 1237 nere
543 1171 681 1236 uiduam.
708 1188 781 1238 nam
801 1172 925 1254 praeter
948 1171 1066 1236 ceteras
1080 1171 1282 1239 castimoniae
1297 1173 1420 1254 sapien-

293 1277 416 1358 tiaeque
439 1275 572 1339 uirtutes
595 1275 642 1338 est
665 1273 760 1338 etiam
789 1271 848 1338 fide
870 1271 993 1355 nobilis,
1017 1291 1094 1354 quae
1124 1273 1268 1338 omnibus
1299 1291 1421 1356 semper

294 1377 456 1447 ornatibus
491 1380 671 1442 ornamento
702 1378 757 1458 est,
792 1377 863 1458 quia
892 1376 956 1440 sine
984 1376 1044 1441 hac
1073 1375 1151 1440 nihil
1180 1381 1245 1441 tam
1274 1379 1420 1443 ornatum

261 1482 350 1564 dest,
374 1480 456 1564 qnod
479 1499 587 1545 ornare
609 1479 718 1563 pessit.
754 1479 936 1563 hastengo,
965 1480 1001 1543 ut
1023 1479 1125 1561 audio,
1155 1480 1261 1544 tantae
1283 1480 1349 1544 illic
1370 1481 1420 1545 in·

294 1587 380 1668 opiae
414 1585 507 1666 atque
541 1581 689 1666 egestatis
719 1586 774 1658 cst,
809 1586 844 1646 ut
874 1583 902 1645 ei
931 1599 986 1646 nec
1015 1579 1168 1645 residendi
1198 1601 1255 1647 noc
1288 1582 1420 1648 abeundi
1430 1609 1460 1649 ro

271 1698 274 1706 ’
293 1689 427 1754 facultas
451 1685 606 1767 suppetat,
636 1684 708 1767 quia
730 1685 811 1748 nihil
839 1687 896 1762 est,
926 1677 1005 1765 quod
1027 1685 1078 1748 nol
1101 1684 1139 1749 ad
1162 1683 1282 1749 uictam
1305 1683 1358 1750 nel
1380 1688 1420 1751 ad

292 1791 401 1874 fugam
425 1788 605 1872 opituletur.
642 1786 743 1852 solnm
766 1791 823 1868 cst,
848 1788 928 1868 quod
952 1787 1160 1851 mercennario
1184 1803 1274 1868 opere
1298 1787 1421 1853 uictum

194 1898 197 1957 4
243 1891 248 1901 '
293 1892 471 1974 quaeritans
494 1891 640 1955 uxoribus
663 1889 867 1954 barbarorum
890 1887 1049 1953 locatitias
1072 1907 1185 1953 manus
1208 1887 1324 1954 subdit.
1362 1889 1419 1968 ita,

293 1993 368 2060 licet
397 2013 453 2078 per
480 1993 529 2058 dei
551 1992 795 2057 miscricordiam
823 1991 958 2056 uinculis
982 1991 1176 2074 captiuitatis
1200 1996 1343 2076 exempta
1366 1994 1419 2076 sit,

263 2097 450 2165 icamiam
472 2114 534 2161 non
550 2095 665 2160 seruiat
681 2096 868 2178 condicione,
892 2095 990 2158 seruit
1006 2091 1197 2182 paupertate.
1232 2095 1305 2159 lraec
1321 2095 1460 2181 igitnrrs

293 2199 406 2264 habere
437 2219 489 2287 me
523 2198 573 2263 hic
606 2197 826 2263 nonnullorum
859 2201 1037 2264 sanctornm
1076 2197 1209 2281 gratiam
1239 2217 1305 2265 ¹non
1340 2199 1420 2264 falso

293 2304 453 2386 suspicans
480 2303 546 2385 (nec
569 2303 651 2366 enim
674 2321 760 2385 nego,
791 2304 978 2384 denegator
1009 2304 1127 2388 gratiae
1155 2303 1297 2386 ingratus
1327 2301 1419 2368 fiam:

164 2430 182 2445 ··
291 2409 345 2473 sed
370 2407 477 2491 plane,
512 2405 594 2470 siout
623 2404 735 2471 habere
759 2423 808 2469 mc
832 2423 899 2470 eam
930 2423 988 2470 non
1021 2423 1107 2490 nego,
1128 2405 1186 2470 rra
1216 2423 1277 2471 non
1307 2407 1420 2472 mereri

291 2529 342 2575 me
371 2512 454 2575 certe
485 2510 555 2593 solo,
590 2506 624 2572 in
651 2509 777 2572 tantum
800 2509 845 2591 ut,
880 2507 1003 2572 etiamsi
1027 2510 1074 2572 est
1096 2508 1202 2589 aliqua
1224 2507 1257 2572 in
1280 2527 1329 2573 me
1352 2508 1419 2592 illa,

291 2629 349 2696 ego
372 2612 478 2677 tamen
500 2609 585 2675 illius
609 2627 700 2674 causa
721 2629 781 2674 non
804 2610 873 2687 sim,
897 2611 971 2691 qula
991 2609 1019 2674 si
1042 2628 1103 2692 qua
1119 2613 1166 2675 est
1187 2613 1221 2675 in
1241 2631 1289 2675 mc
1305 2611 1460 2696 gratiam

291 2713 330 2779 cb
355 2733 416 2798 ecs,
440 2713 472 2780 ni
495 2714 597 2796 fallor,
621 2714 753 2778 manime
777 2713 851 2778 data
867 2714 923 2792 est,
948 2719 1079 2798 quornm
1094 2712 1243 2779 intererat
1259 2709 1295 2778 ut'
1309 2715 1419 2796 gratus

292 2835 414 2882 essem:
457 2817 494 2880 nt
529 2815 699 2881 uerendum
743 2815 874 2881 forsitan
910 2815 956 2881 sit
990 2835 1029 2882 ne
1073 2831 1189 2900 negans
1227 2817 1293 2899 his,
1340 2819 1421 2900 qnod

292 2924 420 3004 propter
441 2939 491 2986 εεε
514 2919 590 3007 cepi,
615 2937 677 2984 non
700 2923 766 2984 tam
789 2937 891 2984 meam
913 2939 981 2985 rem
1003 2920 1053 2984 his
1070 2936 1184 3004 negare
1198 2920 1307 2985 uidear
1324 2939 1420 3004 qnam

292 3024 460 3107 ipsorum):
490 3023 567 3088 haec
595 3021 695 3108 igitur
715 3025 771 3088 aut
793 3021 825 3088 id
848 3021 930 3106 quod
958 3027 1083 3089 estant
1104 3023 1175 3108 plus
1199 3035 1293 3105 quam
1315 3028 1364 3089 est
1387 3025 1422 3090 in
1449 3033 1452 3038 '

266 3114 342 3191 'me
376 3145 442 3192 esse
475 3127 655 3192 existimans
689 3125 787 3192 misit
805 3127 844 3192 ad
872 3146 922 3192 me
953 3123 1044 3207 lrunc,
1079 3144 1171 3209 quem
1201 3127 1239 3192 ad
1267 3145 1322 3192 uos
1353 3146 1459 3214 eguus

292 3247 419 3311 sperans
453 3229 517 3296 fore
541 3229 579 3294 ut
610 3234 720 3314 agente
743 3247 792 3294 me
821 3232 852 3294 et
886 3229 1044 3294 adnitente
1077 3230 1246 3294 amicorum
1280 3247 1423 3295 meorum

260 3325 395 3416 8'gratia
426 3334 668 3416 propinquorum
702 3351 840 3398 meorum
874 3335 956 3398 esset
990 3331 1151 3396 auxilium.
1185 3333 1246 3398 feci
1275 3349 1347 3413 ergo
1377 3333 1422 3418 id,

292 3437 373 3517 qnod
395 3439 520 3519 rogatus
544 3453 623 3519 sum,
646 3435 702 3500 sed
724 3437 830 3501 tamen
853 3451 943 3518 parce
958 3436 991 3500 et
1008 3435 1090 3518 apud
1113 3451 1234 3520 paucos,
1258 3454 1296 3500 ne
1317 3439 1423 3518 gratia

291 3540 359 3621 ipsa
381 3540 502 3622 ingrate
524 3539 637 3604 uterer.
670 3539 884 3604 commendaui
907 3535 990 3603 hunc
1011 3537 1090 3620 aliis,
1115 3539 1294 3604 commendo
1318 3537 1421 3624 uobis,

292 3639 367 3706 licet
390 3659 451 3706 non
474 3659 569 3724 aeque
585 3641 655 3707 aliis
670 3637 707 3706 ut
729 3642 835 3708 uobis:
858 3643 1004 3724 primum,
1028 3641 1101 3723 quia
1117 3643 1325 3707 commendari
1341 3645 1463 3714 satiare

345 3881 357 3933 l
386 3879 512 3935 obscuros
543 3879 566 3934 0
589 3897 624 3934 m.
649 3885 666 3934 1
694 3877 697 3882 '
790 3868 956 3950 dispicabilis
984 3879 1006 3936 θ
1034 3927 1036 3931 .
1135 3882 1152 3936 5
1179 3881 1302 3938 forsitam
1329 3880 1352 3936 0

290 3965 441 4036 laemper]
459 3982 537 4034 super
554 3967 713 4034 suspicatur
732 3965 877 4021 Hecateidos
917 3977 920 3984 ’
975 3967 1009 4021 10
1026 3966 1213 4036 aegistatisc'
1307 3967 1340 4022 13
1358 3967 1422 4022 sula

291 4051 364 4106 ditus
384 4050 432 4106 aed
449 4067 480 4106 us
498 4067 567 4122 erus.
589 4052 612 4107 0
710 4053 740 4110 17
759 4056 889 4122 naegator
902 4051 933 4108 Ὁ
1027 4051 1062 4107 22
1078 4053 1201 4110 formum
1219 4053 1280 4123 (atel
1298 4054 1336 4108 sit
1352 4069 1422 4108 neno

290 4153 359 4207 gans
380 4141 402 4194 0
422 4137 535 4194 forsitan
553 4138 622 4194 milri
639 4155 672 4193 ne
690 4139 728 4193 sit
745 4153 845 4206 negans
861 4140 992 4196 Halmius
1077 4139 1111 4194 28
1129 4140 1243 4209 coepit}
1328 4141 1421 4197 umen

289 4225 335 4280 aad
353 4242 386 4279 en
400 4231 499 4294 paud.
522 4225 545 4280 0
646 4225 680 4280 24
702 4226 760 4294 aut]
780 4228 811 4280 ut
839 4225 862 4282 0
962 4227 996 4282 26
1020 4243 1127 4296 sperans
1144 4227 1285 4296 suppleuit
1302 4227 1421 4282 Rittera-

289 4311 401 4378 amica·
428 4313 493 4379 fort.
511 4314 603 4366 forsan
624 4313 667 4381 (ot
685 4313 715 4366 E
730 4312 805 4378 1111,
824 4317 852 4378 3)
871 4329 978 4383 sperans
995 4319 1027 4368 ut
1044 4313 1116 4370 oculi
1132 4313 1277 4370 εενὶὺεειιιῗε
1294 4329 1315 4369 u
1330 4312 1421 4367 forsan

290 4395 330 4450 ud
347 4396 401 4450 fore
419 4398 557 4452 aberrasse
571 4398 696 4467 putandi
712 4399 768 4452 aaut
1312 4437 1317 4444 -
