3178 5100
498 475 536 531 de
553 475 689 545 gubern.
706 475 761 530 dei
779 473 834 531 VII
852 481 868 541 ὅ
885 475 996 530 92-99.
1249 475 1310 543 187

30 665 31 688 ³
182 673 265 735 sunt.
294 667 493 752 atquomodo
508 667 699 734 immutata?
720 665 851 731 interest
874 664 958 731 enim
980 683 1041 731 nou
1063 666 1165 731 solum
1183 663 1310 732 effectus

29 693 32 840 l
183 761 297 857 rernm,
320 773 375 837 sed
397 771 493 837 etiam
516 771 686 837 effectuum
709 786 820 836 causas
844 770 957 834 dicere.
989 767 1119 834 difficile
1136 770 1184 834 est
1198 769 1311 853 qnippe

29 881 31 1026 ι
182 873 413 958 impudicitiam
440 875 537 940 uerbo
564 878 620 940 ant
647 873 781 940 iussione
811 873 891 949 tolli,
922 871 984 938 nisi
1013 873 1109 938 luent
1137 871 1312 950 ablaturi

183 978 311 1045 difficile
339 980 389 1044 est
415 978 603 1061 pudicitiam
630 980 726 1043 nerbo
747 977 839 1060 erigi,
869 975 929 1041 nisi
954 975 1050 1042 luerit
1072 978 1191 1042 exacta.
1230 977 1312 1060 quod
1322 975 1364 1040 96

162 1082 231 1146 ailli
254 1085 362 1165 ntique
385 1081 520 1147 scientes
543 1081 590 1146 sic
609 1080 842 1163 impudicitiam
863 1082 1111 1159 summouerunt,
1143 1081 1226 1162 qnod
1248 1081 1311 1145 im·

181 1186 312 1269 pudicas
328 1185 600 1263 conseruanerunt,
619 1197 682 1249 non
697 1181 922 1248 interficientes
937 1183 1142 1249 mulierculas
1157 1183 1310 1268 infelices,

182 1307 220 1353 ne
242 1289 393 1353 uitiorum
421 1281 526 1353 curam
557 1287 742 1353 crudelitate
771 1291 996 1370 respergerent,
1028 1289 1059 1351 et
1086 1286 1161 1352 dum
1182 1288 1313 1369 peccata

183 1391 305 1458 anferre
337 1393 495 1475 cuperent,
530 1392 591 1474 ipsi
619 1394 652 1456 in
679 1391 878 1474 peccatorum
911 1389 1101 1456 resecatione
1133 1391 1310 1472 peccarent.

183 1499 236 1562 sed
257 1497 305 1560 ita
334 1497 473 1562 errantes
508 1495 760 1571 emendantium,
795 1496 833 1560 ut
862 1493 982 1560 lactum
1016 1512 1124 1559 eornm
1157 1493 1312 1560 medicina

150 1600 272 1676 abesset,
306 1615 405 1680 poena
436 1616 500 1663 non
533 1599 625 1663 esset.
662 1598 821 1664 iusserunt
849 1597 1004 1679 siquidem
1033 1597 1066 1662 et
1096 1595 1363 1680 compuleruut‘l'l

183 1719 290 1766 omnes
324 1701 363 1766 sd
397 1701 576 1766 maritalem
610 1704 715 1767 torum
748 1701 884 1766 transire
918 1702 1108 1779 meretrices,
1143 1703 1245 1767 scorta
1277 1701 1311 1766 in

184 1805 314 1870 conubia
347 1807 520 1883 uerterunt,
554 1804 724 1889 implentes
753 1805 873 1870 seilicet
902 1805 1036 1887 apostoli
1065 1804 1187 1869 dictum
1217 1806 1311 1886 atque

183 1909 378 1986 mandatum,
408 1909 445 1972 ιιι
474 1911 505 1973 et
527 1923 729 1991 unaquaeqne
751 1908 865 1974 mulier
887 1908 991 1973 uirum
1014 1909 1143 1973 haberet
1164 1925 1257 1973 suum
1280 1909 1312 1972 et

183 2013 394 2095 unusquisqne
423 2012 473 2075 uir
504 2012 667 2094 coniugem
697 2029 801 2090 suam;
836 2011 874 2076 nt
902 2011 976 2094 qnia
1004 2010 1144 2077 cohiberi
1177 2010 1312 2077 inconti-

153 2114 287 2181 nsnentia
320 2118 388 2180 sine
421 2116 481 2180 hac
514 2115 648 2180 carnalis
681 2131 756 2178 usus
789 2113 994 2196 permissione
1028 2133 1091 2181 non
1120 2119 1235 2200 posset,
1266 2117 1313 2182 ita

183 2217 363 2300 legitimum
389 2237 483 2283 nsum
512 2218 597 2283 calor
628 2218 796 2300 corporalis
825 2218 986 2299 acciperet,
1017 2219 1054 2282 nt
1075 2221 1240 2302 peccatum
1261 2219 1313 2283 in·

183 2320 374 2388 continentia
395 2340 457 2388 non
481 2319 620 2389 haberet
656 2321 689 2385 in
712 2339 772 2404 quo
801 2322 929 2404 quidem
952 2339 1013 2388 non
1035 2321 1069 2386 id
1092 2323 1311 2388 tantummodo
1322 2320 1364 2387 98

183 2425 341 2506 prouisum
364 2425 421 2502 est,
444 2426 481 2490 ιιι
504 2425 588 2490 uiros
611 2424 745 2489 feminae
767 2424 928 2508 haherent,
952 2442 1031 2507 quae
1055 2424 1122 2490 sine
1144 2424 1221 2490 uiris
1245 2443 1312 2491 esse

183 2547 243 2593 non
265 2533 402 2611 possent,
425 2529 481 2596 sed
503 2529 600 2595 etiam
622 2529 659 2594 ut
680 2547 735 2612 per
758 2529 988 2595 constructores
1002 2527 1190 2596 domesticos
1207 2529 1312 2596 saluae
1346 2592 1347 2598 ,

153 2634 295 2715 mussent,
319 2649 396 2715 quae
418 2651 452 2699 se
473 2633 559 2714 ipsas
589 2650 714 2698 seruare
736 2632 901 2711 nescirent,
933 2635 965 2698 et
988 2631 1172 2700 adhaerente
1195 2631 1240 2698 eis
1262 2632 1312 2696 ιιι-

184 2733 264 2816 giter
286 2733 495 2818 gubernaculo
523 2736 671 2815 maritali,
701 2736 827 2802 etiamsi
849 2736 889 2802 ad
911 2736 1090 2818 improbum
1113 2753 1165 2802 eas
1188 2735 1311 2803 lacinus

186 2838 374 2920 consuetudo
396 2841 470 2906 ante
492 2842 580 2906 actae
602 2841 796 2923 impuritatis
823 2841 978 2921 inliceret,
1009 2839 1183 2923 coniugam
1205 2841 1313 2906 tamen

185 2941 323 3009 custodit
346 2941 385 3008 ab
409 2941 612 3026 improbitate
633 2942 823 3026 prohiberet.
853 2942 1042 3009 addiderunt
1064 2960 1183 3027 quoque
1199 2942 1258 3007 hoc
1272 2943 1312 3008 ad
1322 2942 1364 3008 99

184 3041 347 3110 libidinem
379 3046 653 3129 comprimendam,
690 3063 814 3112 seueras
842 3046 1011 3128 pudicitiae
1038 3045 1223 3123 sanctiones,
1257 3045 1312 3111 de-

154 3147 340 3212 aacretomm
362 3147 467 3230 gladio
487 3147 723 3232 impudicitiam
746 3147 932 3229 coercentes,
955 3150 991 3214 ut
1004 3147 1176 3231 punitatem
1190 3146 1312 3212 scilicet

185 3250 346 3332 utriusque
379 3269 468 3315 serus
501 3253 534 3315 et
568 3250 652 3316 domi
685 3251 809 3316 connhii
841 3255 1017 3317 reseruaret
1050 3251 1179 3316 affectus
1214 3253 1246 3316 et
1278 3250 1313 3315 in

286 3412 320 3466 12
342 3412 357 3466 Ι
376 3413 435 3470 Cor.
459 3414 482 3480 7,
501 3414 518 3468 2

236 3558 250 3611 1
269 3555 303 3611 ad
321 3573 341 3611 s.
359 3573 411 3613 eor.
429 3560 443 3611 t
459 3573 494 3612 m.
513 3559 533 3613 Β
552 3559 580 3612 Α
682 3560 699 3613 3
722 3559 827 3628 ablata]
844 3557 1031 3614 emendatione
1049 3559 1156 3613 sublata
1174 3560 1315 3628 proposita

185 3641 248 3696 otim
272 3641 422 3698 Sita-Ber.
436 3659 467 3712 p.
486 3647 521 3699 29
544 3659 612 3713 opus
634 3659 693 3700 mom
717 3659 772 3700 cese
795 3645 892 3700 doceat
914 3645 968 3701 toci
989 3647 1083 3715 pectes
1101 3651 1166 3700 sumt
1184 3643 1272 3698 1112
1290 3649 1316 3699 et

185 3727 266 3783 1111
282 3731 317 3784 74
333 3730 381 3784 obi
391 3729 483 3784 eodem
494 3729 574 3786 modo
585 3732 669 3786 uerbo
685 3731 781 3786 tollere
798 3736 824 3786 et
841 3731 946 3786 anferre
962 3747 991 3786 ec
1005 3732 1148 3800 excipiunt
1242 3733 1259 3788 5
1277 3732 1314 3786 sio

183 3816 346 3886 pudicitiam
362 3814 390 3871 Β
494 3819 525 3872 11
550 3818 661 3873 thorum
678 3818 706 3873 Β
810 3819 843 3874 13
860 3821 888 3873 ιι
905 3821 937 3873 ιιι
955 3819 983 3874 Β
1086 3821 1118 3873 15
1142 3819 1316 3888 permissione

184 3904 252 3958 comt.
267 3919 298 3971 p.
317 3907 377 3969 188,
397 3907 434 3958 17
450 3905 610 3959 Horteltme:
637 3907 816 3975 permixtione
832 3906 889 3959 AB
897 3906 1027 3962 Halmius
1118 3907 1202 3974 possit
1219 3904 1246 3957 A

185 3989 217 4042 17
235 3988 343 4057 quidem
362 3989 389 4044 Β
404 3991 437 4044 tm
452 4007 537 4060 marp.
642 3990 674 4045 19
700 3992 804 4060 possint
826 3992 853 4044 Α
955 3992 992 4046 20
1013 3992 1173 4046 adhaerente
1196 3991 1243 4060 eis]
1269 3989 1315 4045 ad·

184 4073 325 4128 haerentes
342 4075 371 4128 Β
460 4076 492 4129 21
511 4075 682 4131 tabernaculo
700 4077 728 4130 Β
751 4082 753 4086 ’
819 4076 853 4130 22
870 4079 933 4132 ante
950 4077 1036 4132 iactae
1054 4078 1083 4131 Β
1174 4076 1207 4130 23
1225 4077 1315 4145 prohi-

186 4158 325 4215 terentii
416 4161 450 4215 26
468 4161 595 4216 connubii
612 4163 642 4216 im
659 4180 676 4218 o
694 4179 728 4217 em
746 4164 877 4218 connubio
896 4180 964 4219 corr.
978 4165 1177 4218 Bruesicumms:
1201 4162 1314 4218 conubio

185 4247 239 4301 AB
269 4246 443 4302 conubiorum
463 4249 600 4317 proposui
623 4248 777 4303 Sita-Ber.
799 4266 826 4318 p.
850 4252 889 4304 29
912 4255 949 4316 (m.
975 4265 1063 4318 saepto
1085 4251 1168 4304 m12
1192 4248 1314 4316 conubia)

186 4333 361 4388 conubiorum
379 4336 498 4388 seruaret
516 4340 584 4402 (pro
602 4337 759 4399 restrueret)
782 4337 940 4404 suspicatae
958 4335 1104 4390 Hartela'ae
1207 4333 1317 4390 affectus

182 4425 294 4486 promer
312 4419 339 4474 Β
357 4421 438 4474 etium
455 4420 483 4474 A
500 4419 588 4489 babet,
606 4435 663 4474 mom
680 4420 788 4475 effectus
806 4427 839 4475 mt
855 4421 933 4489 opud
949 4421 1094 4475 Halmium
