3172 5098
271 511 337 577 314
761 501 920 562 Saluisni

272 699 328 762 aut
358 713 585 779 quaecumque,
616 713 696 779 quae
725 695 847 760 animae
871 698 944 760 tuae
966 711 1003 758 ao
1023 693 1137 759 salutis
1160 695 1259 761 oblita
1281 697 1351 780 ipsa
1373 701 1406 764 te

272 799 403 864 resculis
426 797 490 863 tuis
518 797 642 880 spolias,
671 799 824 880 quomodo
847 796 879 860 in
902 796 1007 861 tuturo
1030 799 1118 878 quasi
1142 799 1267 864 oondita
1290 817 1326 865 ao
1348 817 1404 882 pa·

272 904 344 968 rata
370 902 506 985 reperies
530 919 608 984 quae
631 901 681 965 hio
702 901 759 965 aut
780 917 843 965 non
870 898 1083 984 indigentibus
1107 901 1280 967 autetiam
1305 899 1407 970 abun-

273 1004 420 1072 dantibus
443 1004 626 1088 deputaris?
648 1005 800 1086 quomodo
822 1001 979 1068 reddenda
1000 1001 1060 1068 tibi
1081 1022 1101 1068 a
1124 1004 1179 1069 deo
1204 1004 1304 1070 aredis
1326 1023 1407 1089 quae

275 1107 329 1173 deo
351 1107 418 1190 ipse
441 1127 504 1174 non
527 1107 650 1173 eredis?
673 1110 839 1190 postremo,
863 1105 1016 1188 quomodo
1038 1105 1128 1172 reddi
1150 1105 1208 1172 nis'
1222 1125 1300 1190 quae
1323 1109 1407 1176 orodi
1430 1131 1445 1172 e

274 1229 335 1277 nun
357 1211 429 1276 uis?
450 1229 542 1277 nemo
566 1210 651 1276 enim
673 1209 733 1274 sibi
758 1208 837 1274 solui
858 1208 930 1273 uult
952 1225 1030 1290 quae
1052 1225 1114 1273 non
1138 1211 1324 1291 eommodat,
1347 1231 1406 1278 neo

274 1319 342 1381 tam
364 1315 481 1381 stultus
506 1316 563 1398 est,
585 1313 623 1377 ut
645 1331 724 1396 quae
746 1330 807 1379 non
822 1312 1031 1378 faenerauerit
1053 1315 1224 1394 putetesse
1239 1313 1407 1380 reddenda.

221 1414 307 1482 dost
329 1417 400 1485 ideo
421 1418 458 1484 tu
480 1434 676 1501 nequaquam
694 1417 785 1481 adeo
808 1416 898 1498 quasi
920 1415 1111 1481 reddendum
1134 1433 1257 1498 sperare
1277 1418 1406 1500 poteris,

274 1521 358 1604 quod
381 1520 437 1587 deo
459 1522 569 1604 utique
591 1538 653 1585 non
675 1519 803 1583 eredens
825 1519 952 1583 reddere
975 1517 1034 1583 tibi
1057 1518 1152 1583 deum
1174 1519 1239 1602 ipse
1263 1521 1408 1586 nolueris.

275 1624 357 1691 unde
387 1624 567 1708 conpleatur
598 1623 719 1689 dietum
741 1623 775 1687 in
797 1623 829 1686 te
855 1623 1013 1687 diuinum:
1049 1622 1123 1705 quia
1152 1623 1308 1707 reliquisti
1337 1623 1446 1690 aliisue

276 1728 328 1794 uel
350 1727 462 1792 alienis
484 1727 613 1792 diuitias
635 1727 717 1802 tuas,
741 1725 941 1808 sepulchrum
966 1728 1057 1790 tuum
1080 1726 1141 1790 erit
1163 1726 1274 1792 domus
1296 1731 1352 1793 tua
1374 1728 1409 1792 in

274 1831 446 1896 aeternum.
485 1830 527 1894 et·
544 1830 632 1911 illud,
662 1829 744 1912 quod
768 1827 913 1894 saluator
942 1828 982 1893 ad
1011 1827 1147 1893 similem
1174 1829 1222 1894 tui
1252 1830 1408 1913 loquitur:

275 1933 366 2016 quia
399 1931 556 2016 tepidus
585 1951 624 1999 es
648 1937 685 1998 et
712 1949 834 2013 neque
863 1931 1022 1997 feruens
1057 1950 1178 2014 neque
1212 1933 1407 2018 frigidus,

274 2036 466 2118 inoipiam
500 2038 539 2100 to
573 2052 730 2100 uomere
756 2053 800 2099 ex
829 2051 892 2098 ore
925 2052 1014 2099 meo.
1054 2034 1086 2098 et
1107 2035 1186 2101 illud
1209 2037 1285 2102 diois
1306 2030 1406 2103 ‘diues

274 2157 344 2203 sum
374 2139 405 2203 et
434 2138 565 2206 diuitias
594 2137 692 2203 habeo
715 2138 748 2202 et
775 2137 893 2202 nullius
917 2129 1002 2222 egeo'
1032 2138 1066 2202 et
1094 2141 1195 2204 neseis
1222 2139 1296 2222 quia
1318 2142 1354 2205 tu
1376 2159 1446 2208 esre

221 2238 370 2306 46miser
400 2245 432 2306 et
461 2260 577 2326 pauper
608 2245 641 2307 et
670 2259 778 2307 oaeous
808 2244 841 2305 et
871 2239 996 2306 nudas?
1033 2259 1125 2306 nemo
1159 2241 1267 2325 itaque
1293 2243 1353 2308 sibi
1375 2243 1410 2309 in

275 2347 462 2413 testamento
486 2366 542 2413 suo
564 2346 723 2412 hominem
739 2344 797 2408 deo
814 2343 989 2427 praeferens
1003 2344 1043 2409 de
1057 2343 1143 2410 uitae
1159 2363 1195 2410 ao
1208 2345 1409 2429 professionis

273 2451 491 2534 praerogatiua
521 2451 639 2534 aliquid
668 2450 859 2517 blandietur.
897 2450 1037 2533 poenalis
1059 2455 1109 2516 est
1131 2451 1251 2518 homini
1281 2469 1316 2518 so
1338 2471 1410 2535 per·

276 2553 394 2619 nioiosa
416 2557 578 2633 securitas,
603 2555 821 2637 praesumptae
844 2572 914 2636 spes
936 2554 1076 2620 saroinae
1092 2557 1165 2620 sunt
1179 2556 1297 2636 reatus,
1320 2572 1409 2620 usur·

274 2660 350 2740 pata
372 2657 527 2724 absolutio
549 2659 784 2723 damnationem
805 2661 907 2740 parat.
938 2658 1125 2740 quicumque
1148 2657 1208 2723 sibi
1229 2675 1262 2724 se
1284 2662 1448 2726 exousatso

275 2761 402 2826 aoousat
429 2761 486 2825 deo
515 2761 688 2826 seeundum
709 2761 806 2826 illud:
837 2763 1012 2844 namqui
1035 2781 1074 2828 se
1096 2760 1303 2827 existimat
1326 2781 1410 2828 osse

276 2863 446 2946 aliquid,
484 2882 568 2928 oum
605 2864 710 2929 nihil
746 2865 818 2942 sit,
856 2883 894 2929 se
930 2866 1054 2948 ipsum
1087 2865 1253 2930 seduoit.
1290 2864 1411 2931 nemini

275 2968 382 3048 itaque
412 2966 516 3031 faoilis
546 2985 602 3032 sua
629 2985 723 3032 eausa
750 2969 811 3033 sit:
845 2969 954 3034 nullus
977 2968 1139 3035 difficilius
1170 2968 1285 3048 euadit,
1315 2986 1412 3051 quam

277 3069 387 3155 quise
411 3087 577 3135 euasurum
601 3087 667 3135 esse
693 3072 945 3154 praesumpserit.

223 3205 264 3270 47
320 3207 428 3302 VlIII.
460 3210 547 3272 Dura
568 3209 645 3274 haee
668 3207 798 3274 forsitan
820 3212 913 3291 atque
929 3210 1054 3274 austera
1068 3208 1245 3276 uideantur.
1276 3209 1447 3292 quidniiss

277 3313 401 3377 omnis
431 3311 535 3376 enim
563 3310 798 3394 disciplina,
828 3317 864 3377 ut
893 3314 937 3378 ait
959 3329 1060 3378 sermo
1082 3311 1223 3390 diuinus,
1253 3329 1329 3376 non
1352 3316 1411 3378 est

340 3493 504 3553 ‘1oPsal
522 3497 558 3552 48
657 3497 690 3551 13
708 3497 790 3566 Apoo.
809 3497 835 3566 3,
855 3498 888 3552 16
987 3498 1018 3552 21
1038 3497 1099 3553 Gal.
1117 3497 1177 3564 6,3
1274 3499 1309 3554 at
1327 3499 1411 3556 Hebr.

218 3590 222 3644 ἵ
278 3584 318 3650 12,
338 3583 370 3638 11
1230 3613 1232 3623 ι

270 3821 274 3828 ,
328 3755 499 3826 3repperios
522 3756 550 3810 A
652 3754 876 3810 habundantibus
899 3756 927 3809 Β
1031 3755 1129 3825 5ipsa
1152 3756 1358 3814 Rooterstasim
1379 3763 1411 3813 ast

275 3857 365 3911 supra
381 3847 406 3907 §-
424 3845 474 3910 44;
496 3847 528 3896 at
544 3841 596 3908 ofr.
614 3847 639 3906 9.
658 3843 694 3896 45
711 3841 760 3910 fin.
863 3841 937 3896 oredi
959 3841 1103 3896 Halmius:
1130 3842 1206 3896 reddi
1228 3843 1256 3896 A
1283 3841 1360 3897 rendi
1382 3843 1411 3898 Β

276 3928 381 3982 eradere
410 3927 452 3983 sd.
481 3928 618 3983 Boiorum
644 3930 716 3994 (oum
739 3928 770 3997 b,
794 3929 827 3982 in
849 3944 902 3997 quo
925 3944 947 3983 s.
965 3928 1040 3983 reddi
1062 3944 1113 3984 sor.
1138 3935 1178 3985 ost
1194 3929 1207 3982 1
1225 3931 1341 3996 eredere)

275 4013 291 4067 7
320 4013 481 4069 ienerauorit
507 4015 535 4068 Β
640 4014 734 4083 9ipsi
761 4014 790 4069 Β
895 4014 928 4068 10
951 4014 1075 4070 diuinum
1098 4013 1168 4069 illud
1185 4031 1291 4070 neeesse
1309 4020 1350 4071 ost
1367 4015 1409 4071 ed.

275 4101 416 4156 Baetasios
503 4102 536 4156 13
554 4117 582 4154 es
599 4101 636 4170 et]
656 4104 726 4154 esset
743 4101 771 4154 A
788 4106 815 4156 et
833 4101 883 4156 ott.
902 4117 915 4154 s
933 4107 1028 4170 ponet.
1045 4103 1073 4157 B
1160 4101 1193 4156 14
1209 4119 1331 4158 enomere
1349 4119 1410 4159 oum

271 4186 406 4254 pstsdd.
419 4186 552 4241 Halmius
649 4179 1409 4256 1610111111ααᾱ.ρειιᾱιι.ωηιιῑιαιιη.ιὶηίῑω,

267 4271 303 4323 in
322 4287 403 4337 mone,
422 4271 451 4324 in
469 4275 540 4337 actu,
557 4273 587 4326 in
605 4271 675 4325 dono
777 4273 810 4326 17
828 4272 999 4341 professionis
1018 4287 1052 4327 eos
1070 4288 1129 4328 -nes
1147 4289 1216 4329 sorr.
1229 4291 1264 4329 m.
1278 4277 1298 4328 2
1314 4275 1343 4328 A

277 4357 310 4410 18
327 4357 476 4424 pernitiosa
493 4357 548 4411 ista
565 4357 606 4414 ed.
626 4357 764 4413 Bubasius
868 4359 902 4412 19
918 4353 1059 4428 usurpatio
1076 4360 1104 4413 A
1206 4359 1242 4414 10
1259 4363 1367 4416 excusat
1382 4375 1410 4414 oe

275 4442 363 4511 eipois
376 4443 600 4510 oramposittonts
611 4442 716 4499 Mettis
728 4444 755 4498 Β
840 4443 873 4499 21
887 4449 1009 4500 aooussat
1020 4446 1048 4500 A
1134 4446 1168 4502 25
1179 4446 1304 4502 forsitam
1315 4449 1343 4503 A
