3178 5100
601 449 842 556 epistolium.
1221 491 1284 560 uo?

161 677 240 758 qued
263 676 401 742 dictums
424 693 502 742 sum.
533 676 605 760 pete
628 676 753 759 quidem
775 676 910 760 ueniam,
934 680 1007 762 quia
1024 678 1207 764 irascemini,
1231 683 1316 749 seua

124 779 127 784 '
160 796 221 844 neu
243 797 371 862 pessum
400 779 645 846 diserentium
668 781 840 863 essequod
863 779 932 847 ieci.
971 782 1046 848 haec
1075 781 1172 867 igitur
1202 785 1284 866 apud

160 900 215 948 nes
237 901 308 948 mec
335 883 457 948 nemine
479 885 511 948 et
541 884 629 967 quasi
659 881 811 965 peeniian
839 901 938 968 prece.
973 901 1055 950 nuuc
1077 889 1124 964 tu,
1147 903 1164 950 ο
1187 886 1283 951 diiec-

160 987 283 1052 tissima
311 1005 347 1052 ac
374 987 641 1056 uenerabilissima
670 1005 765 1066 seror,
796 1005 873 1070 qnae
902 987 981 1052 mihi
1010 989 1099 1054 tanto
1128 988 1229 1054 carici
1251 1007 1284 1055 es

139 1107 251 1172 equam
281 1092 378 1174 prius,
409 1094 523 1174 quante
552 1092 623 1175 plus
650 1091 757 1158 asnis
786 1090 918 1156 affectus
946 1092 1091 1156 conuenit
1120 1090 1220 1176 diligi,
1249 1093 1284 1158 in

160 1193 270 1274 quibus
293 1211 327 1258 se
348 1193 451 1276 ipsum
472 1194 616 1262 Christus
636 1194 745 1260 iecerit
764 1195 875 1272 amari,
899 1193 1031 1278 iungere
1052 1193 1197 1279 partibus
1219 1195 1284 1260 tuis

159 1295 253 1360 simul
276 1296 424 1379 meisque.
456 1315 508 1363 cra
529 1297 565 1363 tu
586 1299 623 1376 ut
644 1317 701 1382 ege
721 1298 885 1382 inpetrem,
908 1301 944 1364 tu
965 1298 1090 1383 pustula
1103 1297 1141 1362 ut
1153 1301 1285 1380 uterque

98 1467 100 1472 ,
158 1398 331 1465 uincamus.
375 1400 531 1479 osculare,
566 1401 641 1482 quia
673 1401 781 1466 absens
815 1399 909 1466 labiis
944 1418 1005 1467 nen
1038 1400 1142 1478 unies,
1177 1399 1283 1466 saltim

160 1501 370 1568 obsecratione
402 1505 495 1584 pedes
526 1507 695 1586 parentum
727 1506 855 1570 tucrum
888 1505 978 1588 quasi
1010 1502 1137 1585 anciila,
1170 1521 1283 1569 manus

124 1605 245 1687 uoquaei
274 1607 411 1686 alumna,
443 1623 496 1670 ura
525 1606 613 1688 quasi
642 1604 719 1670 iilia.
756 1626 794 1672 ne
820 1606 1025 1690 trepidaueris
1054 1625 1092 1670 ne
1123 1605 1337 1671 timueristlo

159 1705 255 1770 benus
276 1707 393 1771 iudices
416 1708 576 1784 habemus,
600 1707 731 1774 affectus
752 1708 820 1790 ipse
843 1727 898 1790 pro
919 1712 953 1773 te
976 1710 1054 1789 urat,
1078 1709 1193 1774 natura
1214 1708 1284 1790 ipse

158 1807 219 1874 tibi
240 1810 388 1893 pustulat
410 1809 561 1895 suffragiu
584 1828 694 1876 causae
715 1811 789 1875 tuae
811 1809 844 1875 in
859 1812 985 1878 tuorum
1001 1809 1159 1876 mentibus
1175 1811 1283 1896 hebes,

158 1912 220 1977 citu
243 1915 385 1998 adnuunt
408 1913 461 1996 qui
484 1931 539 1978 sue
562 1912 622 1996 ipsi
644 1930 748 1978 amere
773 1917 971 1995 superantur.
1009 1916 1134 1980 obsecra
1156 1931 1228 1998 crgo
1250 1916 1284 1979 et

158 2015 287 2098 supplex
310 2014 420 2080 dicite:
450 2017 524 2099 quid
552 2017 611 2081 feci
639 2017 714 2099 quid
735 2019 932 2083 commerui?
958 2017 1114 2104 ignoscite
1136 2017 1283 2102 quicquid

122 2139 147 2180 ue
157 2116 238 2182 iilud
266 2119 324 2193 cst,
354 2120 478 2184 ueniam
506 2120 587 2203 pete,
616 2120 675 2186 etei
698 2120 847 2186 delictum
870 2121 982 2186 nescio.
1021 2139 1195 2202 numquam
1216 2118 1332 2202 ucsll

157 2222 195 2286 ut
214 2220 276 2304 ipsi
298 2221 397 2301 scitis,
419 2221 650 2288 inofficiositate
672 2225 727 2288 eut
749 2225 942 2290 contumacis
961 2224 1085 2306 offendi,
1109 2242 1283 2307 numquam

156 2325 251 2390 uerbo
276 2325 430 2405 asperiore
452 2326 539 2404 laesi,
568 2343 740 2408 numquam
768 2326 862 2391 uultu
884 2327 1075 2408 preteruiorc
1097 2326 1225 2391 uiolaui.
1264 2345 1284 2392 a

156 2425 247 2493 uubis
270 2445 340 2492 sum
363 2429 429 2493 uiro
451 2429 576 2507 tradite,
602 2447 620 2493 u
642 2428 729 2493 uehis
752 2428 876 2512 coniugi
899 2431 1086 2512 mancipata.
1123 2431 1224 2510 teneo,
1247 2429 1283 2493 ni

156 2530 259 2610 fallor,
294 2535 439 2598 mandata
471 2532 585 2615 uestra,
619 2531 726 2596 haeret
758 2531 900 2597 sensibus
929 2532 1007 2597 meis
1034 2535 1181 2598 sanctum
1211 2533 1282 2615 piae

120 2633 383 2724 eupraeeepticnis
411 2652 569 2701 arcanum.
605 2635 794 2720 morigeram
814 2653 875 2714 me,
905 2639 941 2700 ut
964 2636 1049 2718 pute,
1082 2638 1155 2700 ante
1177 2634 1282 2700 omniu

154 2739 224 2802 uiru
254 2757 321 2802 csse
350 2737 491 2803 iussistis.
535 2739 656 2803 nestrae
686 2738 840 2804 uoluntati
878 2737 1025 2804 obsecuta
1061 2757 1132 2803 sum
1163 2742 1281 2805 uestrea

154 2841 289 2906 iussioni
318 2841 544 2924 obtemperaui:
575 2840 624 2905 illi
654 2840 688 2907 in
718 2841 862 2907 omnibus
891 2841 990 2924 parui,
1020 2843 1070 2907 eui
1093 2861 1143 2907 me
1172 2861 1281 2924 parere

155 2943 314 3008 noluistis.
343 2944 494 3009 inuitauit
514 2962 564 3008 me
580 2945 630 3020 ‚ad
653 2943 838 3029 religionem
860 2943 1010 3010 inuitauit
1031 2948 1070 3011 ed
1093 2948 1281 3011 castitatem.
1292 2942 1335 3008 12

154 3047 229 3112 data
251 3047 384 3123 ueniam,
407 3048 498 3129 turpe
522 3047 638 3112 credidi
660 3047 824 3132 reluctari5
854 3065 904 3112 res
933 3049 1008 3113 mihi
1036 3052 1209 3114 uerecunda
1232 3068 1281 3113 res

117 3150 275 3233 inpudens
298 3168 347 3216 res
370 3153 478 3216 cuncte
498 3152 566 3216 uisa
587 3153 644 3216 cst.
668 3151 777 3229 fateor,
801 3169 872 3216 cum
888 3155 925 3216 de
942 3153 1001 3216 tali
1016 3153 1141 3233 uegetie
1157 3170 1280 3217 mecum

71 3265 73 3268 ·
153 3253 272 3336 ageret
307 3253 416 3318 erubui
449 3254 529 3337 qued
563 3271 624 3318 nen
655 3270 711 3338 ege
742 3255 814 3318 ante
845 3254 1023 3335 coepissem.
1062 3255 1121 3320 huc
1149 3256 1281 3321 accessit

152 3356 252 3420 etiem
273 3357 448 3421 reuerentia
463 3354 583 3421 Christi
598 3360 630 3421 et
653 3356 796 3421 affectus:
820 3357 948 3422 honeste
970 3375 1019 3420 me
1042 3357 1142 3422 facere
1164 3358 1280 3424 credidi

151 3458 302 3541 quicquid
337 3459 386 3524 dei
415 3477 523 3524 emens
556 3459 706 3524 iecissem.
745 3460 895 3524 aduciucr
928 3461 1051 3538 uestris,
1086 3479 1102 3526 c
1132 3466 1279 3545 parentes
1291 3463 1333 3530 13

151 3561 325 3636 carissimi,
359 3565 487 3644 pedibus
516 3564 573 3630 iliu
606 3581 661 3648 ege
695 3567 800 3630 uestra
829 3563 987 3642 Palladia,
1021 3567 1127 3632 uestra
1154 3565 1281 3650 gracula

112 3665 261 3730 equestre
289 3665 446 3744 domnula,
475 3683 546 3732 cum
575 3685 637 3750 qus
666 3667 713 3732 his
735 3670 784 3733 tet
806 3668 966 3734 uocabulis
996 3668 1149 3750 quendam
1173 3669 1278 3734 indul-

149 3769 342 3853 gentissima
362 3771 479 3850 pietate
503 3771 635 3847 lusistis,
658 3789 735 3853 quae
758 3771 848 3837 uobis
866 3791 920 3854 per
937 3773 1025 3837 uaria
1046 3771 1173 3836 nomina
1196 3788 1278 3836 nunc

148 3871 216 3936 fuit
237 3875 338 3938 meter
359 3893 440 3939 nunc
460 3872 584 3940 auicule
607 3874 837 3950 munumina,
859 3893 930 3940 cum
947 3881 1028 3940 essct
1046 3874 1165 3941 scilicet
1181 3893 1277 3939 unum

147 3975 341 4041 uocabulum
367 3976 487 4057 generis
520 3977 604 4042 eliud
627 3977 775 4042 infantiae
798 3978 927 4042 tertium
950 3976 1122 4060 dignitatis.
1161 3997 1198 4040 en
1221 3993 1279 4059 ege

147 4078 211 4144 illu
239 4097 319 4154 suum,
349 4097 403 4161 per
426 4097 519 4163 qnam
541 4081 629 4146 uobis
654 4080 709 4146 ille
739 4079 874 4162 primum
897 4089 929 4145 et
955 4083 1120 4163 parantum
1150 4079 1280 4144 nominc

207 4251 219 4302 1
238 4249 388 4304 irascemini
404 4251 427 4306 0
446 4249 594 4305 irascimini
605 4265 666 4306 cum
678 4249 739 4306 eud.
752 4251 883 4307 Halmius
981 4252 1012 4304 11
1029 4250 1211 4305 habcemnsO

145 4334 262 4391 affectus
279 4351 313 4391 aa
334 4334 442 4390 affectus
464 4337 487 4393 G
506 4339 579 4392 Μ
681 4338 790 4390 neturus
817 4337 840 4393 G
942 4337 974 4392 16
997 4335 1161 4390 contumatia
1188 4337 1211 4392 O

146 4424 183 4478 21
203 4425 252 4476 unt
271 4424 345 4490 (pou
363 4422 491 4502 iussistis)
514 4423 536 4480 0
637 4423 671 4478 29
688 4425 803 4494 gragule
824 4424 847 4480 0
948 4422 1192 4478 succincteque
