3172 5098
509 463 549 516 ad
566 461 743 516 ecclesiam
767 462 974 526 111530-35.
1243 464 1309 531 279.

175 651 277 718 menti
309 651 446 718 faciendi
480 651 647 718 arbitrium
677 653 753 718 dant
781 650 902 716 libertis
925 652 1079 718 tu”tollis
1102 653 1225 720 liberis:
1258 655 1308 720 illi

174 756 331 838 postremo
365 773 470 822 seruos
504 773 577 822 suos
611 757 688 822 dant
722 755 862 822 libertati
892 757 930 820 tu·
955 757 1044 838 quasi
1077 757 1195 823 addicis
1226 758 1308 824 tilios

175 859 331 926 seruituti.
367 876 440 924 nam
467 859 543 940 quid
571 862 618 925 est
648 860 732 924 aliud
762 876 856 941 quam
884 859 1030 924 seruituti
1057 861 1200 926 addicere
1231 879 1308 944 quos

177 980 237 1026 non
261 960 310 1026 uis
332 960 451 1044 aliquid
475 961 565 1044 quasi
587 961 738 1044 ingenuos
766 961 945 1044 possidere?
977 979 1062 1028 more
1085 981 1158 1048 ergo
1181 964 1308 1032 illorum
1318 967 1361 1034 33

151 1066 284 1144 autoris,
314 1065 367 1148 qni
390 1079 495 1132 seruos
518 1083 589 1131 suos
614 1083 675 1130 non
698 1064 778 1132 bene
801 1067 839 1130 de
862 1083 893 1130 se
916 1067 1052 1145 meritos,
1084 1069 1156 1150 quia
1178 1067 1309 1134 ciuitate

177 1169 318 1234 Romana
346 1167 490 1254 indignos
518 1169 674 1246 iudicant,
704 1169 777 1252 iugo
799 1169 930 1235 Latinae
959 1169 1116 1236 libertatis
1144 1171 1309 1237 addicunt:

176 1289 254 1354 quos
282 1272 404 1338 scilicet
432 1273 541 1340 iubent
570 1276 695 1356 quidem
724 1271 780 1338 sub
814 1272 1002 1339 libertorum
1031 1274 1125 1339 titulo
1147 1293 1238 1356 agere
1261 1275 1310 1340 ui·

176 1377 298 1458 uentos,
322 1375 377 1442 sed
400 1378 511 1443 nolunt
533 1377 702 1460 quidquam
730 1375 847 1442 habere
869 1376 1048 1442 morientes.
1087 1379 1201 1460 negato
1226 1378 1308 1444 enim

176 1478 226 1544 hie
248 1478 381 1547 ultimae
404 1481 577 1546 uoluntatis
600 1479 742 1558 arbitrio,
766 1479 861 1544 etiam
885 1498 964 1561 qnae
985 1480 1172 1562 superstites
1194 1481 1310 1547 habent

140 1583 345 1650 remetientes
369 1584 483 1652 donare
506 1602 569 1650 non
591 1585 732 1666 possunt.
769 1583 816 1648 ita
838 1601 910 1668 ergo
933 1586 964 1649 et
985 1584 1022 1648 tu
1044 1585 1205 1666 religiosos
1227 1587 1363 1655 filios34

176 1689 249 1752 tuos
272 1686 361 1768 quasi
384 1685 512 1753 Latinos
535 1689 622 1754 iubes
645 1705 710 1752 osse
732 1686 874 1770 libertos,
900 1689 936 1753 ut
957 1688 1068 1784 uiuant
1083 1688 1205 1755 scilicet
1221 1690 1311 1772 quasi

176 1790 306 1873 ingenui
328 1794 360 1854 et
383 1791 557 1857 moriantur
579 1795 616 1856 ut
643 1791 736 1874 serui,
766 1796 798 1857 et
819 1791 880 1858 iuri
907 1791 1043 1857 fratrum
1072 1810 1199 1857 suorum
1223 1793 1312 1876 quasi

174 1912 231 1976 per
266 1894 429 1960 uinculum
458 1895 589 1960 Latinae
622 1895 780 1962 libertatis
814 1895 974 1974 adstricti,
1009 1896 1133 1961 etiamsi
1166 1897 1312 1962 uidentur

177 1997 303 2064 arbitrii
324 1999 372 2064 eni
397 2017 471 2079 esse,
496 2001 571 2065 dum
594 2000 720 2084 uiuunt,
743 2001 833 2082 quasi
856 2000 914 2065 sub
937 2000 1065 2066 illorum
1089 2003 1194 2066 tamen
1217 2001 1312 2084 positi
1334 2035 1336 2043 ·

141 2129 166 2170 re
176 2101 334 2183 potestate
362 2104 548 2170 moriantur.
588 2104 664 2186 quid
692 2104 827 2186 tantum,
859 2121 980 2185 quaeso,
1007 2104 1137 2170 sceleris
1160 2103 1195 2168 in
1217 2104 1312 2169 titulo

177 2222 244 2271 asse
265 2205 425 2288 religionis
449 2209 550 2290 putas,
573 2207 610 2271 ut
631 2205 700 2272 ideo
723 2225 784 2289 eos,
808 2207 862 2287 qui
876 2206 1015 2290 religiosi
1031 2209 1117 2284 sunt,
1139 2207 1220 2276 filios
1243 2211 1313 2273 tuos

177 2327 246 2374 esse
277 2328 337 2375 non
373 2311 488 2388 credas,
522 2311 597 2392 quia
629 2310 686 2375 filii
716 2311 765 2375 dei
794 2328 860 2374 esse
890 2311 1080 2393 coeperunt?
1112 2311 1146 2375 iu
1168 2327 1229 2394 quo
1252 2311 1312 2376 tibi

177 2410 277 2478 bonae
304 2413 479 2479 uoluntatis
509 2414 599 2496 qnasi
627 2413 750 2496 piaculo
779 2415 823 2478 rei
844 2413 921 2478 facti
950 2417 1033 2494 sunt,
1063 2415 1101 2480 ut
1121 2413 1236 2480 idcirco
1260 2432 1312 2479 eos

176 2517 269 2598 putes
294 2515 454 2582 habendos
478 2535 543 2582 ease
565 2516 694 2599 peiores,
717 2517 792 2599 quia
814 2521 923 2600 optant
945 2535 1009 2582 esee
1033 2517 1199 2585 meliores?

140 2663 168 2706 ,ο
222 2636 311 2702 VIII.
336 2635 396 2702 Sed
419 2637 525 2703 dicitis
549 2655 610 2704 non
633 2655 667 2703 eo
690 2637 811 2704 anobis
828 2637 930 2704 animo
947 2638 1005 2704 hoo
1019 2639 1082 2722 agi.
1113 2640 1196 2722 quod
1212 2657 1308 2706 unum
1321 2648 1366 2716 35

177 2741 235 2819 ost,
260 2759 296 2806 ao
318 2740 345 2806 si
369 2741 524 2825 quispiam
552 2742 637 2806 dicat
666 2743 766 2808 malas
790 2761 838 2808 res
860 2742 941 2808 bono
964 2743 1070 2808 animo
1093 2761 1111 2807 a
1133 2761 1166 2807 se
1188 2741 1257 2808 fieri
1280 2746 1312 2808 et

177 2843 342 2926 inpietatis
376 2845 496 2910 lacinus
529 2843 581 2926 pia
615 2848 720 2909 mente
754 2844 920 2910 committi.
959 2845 1035 2927 quid
1063 2845 1200 2932 prodest,
1224 2863 1241 2909 o
1263 2847 1312 2910 in·

178 2946 401 3014 humanissimi
434 2953 594 3030 parentes,
629 2947 711 3030 quod
744 2946 826 3014 lilios
859 2949 1021 3033 religiosos
1055 2948 1137 3013 bono
1173 2968 1192 3014 a
1223 2950 1312 3015 uobis

177 3050 363 3116 dehonorari
385 3053 490 3116 animo
514 3052 731 3117 adseueratis?
753 3070 803 3116 res
825 3051 892 3135 ipsa
907 3053 965 3116 hoo
980 3055 1099 3136 respuit
1114 3071 1162 3117 res
1181 3051 1309 3116 refellit.

140 3171 289 3236 ceparum
313 3157 360 3218 ost
384 3154 466 3237 quod
488 3158 577 3220 nudis
593 3155 823 3220 adsertionibus
840 3155 956 3242 dicitis,
979 3155 1040 3240 ipsi
1054 3155 1178 3220 actibus
1194 3155 1311 3220 uestris

178 3257 289 3322 eontra
310 3275 366 3321 uos
388 3258 485 3322 testes
507 3259 595 3324 estis.
629 3259 792 3342 indignum
816 3278 889 3344 ergo
911 3257 1124 3336 arbitramini,
1148 3262 1183 3323 ut
1199 3261 1312 3348 sancta

177 3379 215 3427 ao
236 3359 353 3441 placita
376 3352 432 3426 deo
456 3362 586 3444 pignora
608 3361 680 3426 filiis
703 3363 820 3426 mundo
844 3362 1054 3428 seruientibus
1076 3363 1312 3444 conparentur?

177 3482 291 3528 uerum
313 3465 360 3528 est
383 3464 415 3528 et
437 3463 515 3530 bene
537 3465 784 3542 arbitrabamini,
808 3465 837 3530 si
859 3466 966 3532 tamon
989 3464 1120 3530 arbitrio
1143 3466 1204 3530 isto
1227 3466 1310 3531 iuste

178 3567 266 3632 etin
289 3567 449 3633 diuersum
472 3567 651 3644 uteremini,
682 3569 714 3644 id
737 3572 794 3648 est,
823 3571 861 3632 ut
882 3571 1094 3652 conparandos
1124 3568 1214 3635 bonis
1237 3567 1316 3633 filiis

141 3671 278 3738 comatos
301 3673 333 3736 et
355 3672 532 3754 peccatores
563 3670 678 3736 sanctis
701 3689 768 3736 non·
786 3670 952 3752 putaretis,
985 3673 1017 3737 et
1039 3671 1092 3756 qui
1115 3670 1197 3755 apud
1219 3671 1315 3736 deum·

177 3772 248 3840 uita
269 3791 307 3840 ao
339 3775 459 3840 moritis
486 3774 728 3854 antecellerent,
762 3775 846 3840 idem
878 3777 960 3858 apud
994 3794 1050 3842 uos
1082 3774 1185 3859 gratia
1217 3775 1313 3855 atque

232 3977 328 4031 atnoe
345 3971 382 4032 Β4
477 3979 654 4048 8quioqnam
673 3979 734 4045 (oio)
753 3979 781 4032 A
886 3979 919 4034 13
936 3978 1064 4034 adstricto
1082 3996 1102 4034 c.
1121 3995 1135 4032 e
1151 3995 1203 4034 scr.
1221 3981 1231 4033 i
1248 3983 1314 4036 Μ

177 4063 208 4118 Β
312 4063 346 4117 19
367 4065 446 4132 putea
462 4078 499 4118 ¹cc
516 4065 590 4132 potis
612 4079 681 4120 corr.
700 4069 770 4120 aaa
792 4065 848 4120 AB
951 4065 985 4120 24
1008 4065 1167 4120 asseueratia
1186 4071 1212 4120 ct
1226 4067 1315 4136 puoto

174 4155 241 4220 poet
257 4149 452 4204 assmuonioos
471 4165 504 4204 ecc
522 4150 719 4206 adsertionibus
737 4167 807 4206 corr.
827 4155 893 4207 msa
911 4151 939 4206 B
1029 4153 1062 4206 26
1081 4155 1163 4206 testes
1182 4167 1215 4206 ecc
1232 4152 1317 4226 testis

178 4250 251 4290 corr.
269 4252 304 4290 m.
323 4237 343 4289 2
360 4235 429 4300 AB,
482 4228 723 4290 'sancta-bene
740 4237 782 4292 bis
798 4239 904 4307 scripto
921 4243 988 4294 aaut
1004 4237 1082 4292 in'A
1099 4237 1148 4292 aed
1165 4237 1247 4293 semet
1264 4237 1314 4293 rte·

178 4323 237 4378 teto
253 4337 288 4376 m.
307 4326 322 4376 1
342 4327 367 4375 et
385 4323 405 4376 Β
521 4322 555 4377 28
573 4321 745 4377 arbitramini
763 4339 797 4378 ecc
814 4323 1020 4380 arbitrabamini
1037 4339 1108 4378 corr.
1124 4339 1159 4378 m.
1178 4325 1243 4379 213

178 4409 214 4463 31
233 4407 306 4462 idem
323 4413 422 4477 preater
439 4406 567 4478 detampc
584 4403 640 4462 AB
667 4409 750 4464 iidem
768 4411 809 4468 ed.
828 4411 963 4466 Baiuac'ae
1258 4411 1259 4416 ’
