3134 5098
276 453 319 520 26
764 455 922 511 Saluiani

277 645 331 728 qui
367 661 502 712 errorem
538 641 785 728 supradictorum
820 643 932 710 statim
968 644 1001 710 in
1038 643 1104 728 ipso
1142 655 1232 729 opere
1268 645 1401 728 puniuit.

277 764 334 812 nec
355 749 440 829 prius
462 765 560 831 paene
583 752 631 816 est
653 751 818 831 peractum
841 748 960 817 facinus
982 749 1178 830 peccantium
1207 767 1303 832 quam
1325 747 1403 816 rrici-

277 853 414 918 scerctur
436 870 534 934 poena
555 853 729 935 peccatum.
774 852 919 934 quamuis
941 859 1006 916 non·
1025 851 1058 917 id
1088 854 1214 920 tantum
1235 854 1268 918 in
1290 853 1348 918 hac
1369 871 1403 918 re

225 951 384 1024 blastum
406 953 449 1018 sit
469 955 525 1020 sed
545 955 644 1020 etiam
665 955 768 1022 multa
789 955 864 1028 alia.
901 973 973 1021 curn
995 955 1079 1022 enim
1100 955 1134 1022 in
1158 955 1223 1022 illis
1246 959 1321 1021 tunc
1343 973 1404 1020 non

275 1075 366 1122 mens
386 1056 485 1141 impia
506 1060 559 1124 sed
582 1056 718 1124 facilitas
740 1057 1067 1137 nimiuminconsulta
1088 1059 1199 1142 punita
1222 1059 1273 1140 sit,
1297 1058 1437 1124 decla-c

276 1158 359 1224 rauit
381 1161 519 1242 proiecto
548 1159 708 1244 dominus,
738 1178 798 1243 quo
826 1159 980 1243 supplicio
1008 1159 1098 1244 digni
1126 1164 1230 1228 essent
1253 1162 1306 1244 qui
1329 1179 1404 1226 oon·

275 1262 398 1345 tempta
421 1262 596 1328 diuinitatis
617 1261 737 1345 aliquid
760 1263 974 1342 admitterent,
997 1263 1119 1346 quando
1142 1264 1239 1330 etiam
1260 1264 1310 1329 illi
1332 1283 1404 1347 per·

277 1363 359 1430 cussi
382 1382 400 1431 a
423 1364 478 1429 deo
502 1369 616 1444 essent,
639 1366 694 1448 qui
710 1365 776 1432 sola
790 1369 904 1432 mentis
919 1366 1198 1436 inconsideratione
1214 1369 1403 1452 peccassent,

275 1470 331 1536 aut
353 1487 447 1551 quam
468 1469 516 1532 rei
539 1471 643 1536 essent
658 1471 712 1552 qul
735 1470 842 1534 conda
855 1469 1029 1536 iussionem
1051 1469 1170 1536 domini
1185 1472 1233 1538 sui
1254 1470 1403 1550 facerent,

276 1589 349 1645 cum
372 1573 467 1636 etiam
488 1571 539 1637 illi
561 1571 667 1638 taliter
688 1572 910 1654 plecterentur,
933 1571 988 1654 qui
1003 1571 1121 1638 iniussa
1136 1571 1291 1640 fecissent.
1313 1591 1437 1656 porroro

275 1677 382 1748 autem
404 1677 498 1740 etiam
520 1693 556 1740 ex
577 1675 636 1739 hoc
659 1675 818 1740 consulere
848 1676 924 1742 deus
947 1676 1052 1742 uoluit
1071 1678 1197 1742 nostrae
1219 1676 1404 1742 correctioni

275 1795 512 1861 percensuram
536 1777 669 1844 salubris
693 1777 843 1862 exempli,
871 1780 908 1844 ut
937 1796 1046 1845 omnes
1074 1777 1149 1845 laici
1173 1779 1403 1864 intellegerent,

274 1883 426 1962 quantum
456 1881 537 1944 iram
566 1881 616 1946 dei
647 1882 760 1947 timere
782 1880 949 1961 deberent,
978 1899 1051 1948 cum
1078 1899 1098 1948 a
1123 1881 1279 1964 praesenti
1305 1900 1404 1966 poena

273 1983 355 2062 lilios
379 1983 549 2050 sacerdotis
578 2001 635 2050 nec
657 1984 808 2050 meritum
829 1987 970 2067 parentis
993 1984 1125 2069 eriperet
1146 2003 1204 2054 nec
1232 1984 1403 2053 ministerii

221 2085 356 2159 53saori
377 2085 580 2170 priuilegium
601 2087 788 2156 uindicaret.
810 2091 864 2154 sed
879 2087 954 2171 quid
969 2106 1025 2172 ego
1049 2086 1087 2153 de
1103 2087 1152 2152 his
1168 2088 1246 2168 dico,
1270 2108 1436 2172 quorumu

273 2188 535 2264 inconsiderantia
570 2187 798 2274 quodammodo
831 2191 925 2259 deum
958 2190 1067 2274 tetigit
1099 2195 1130 2256 et
1163 2192 1203 2256 ad
1235 2192 1403 2268 caelestem

273 2291 426 2364 iniuriam
440 2290 649 2360 redundarit?
671 2294 771 2360 Maria
795 2297 903 2360 contra
914 2293 1044 2380 Moysen
1060 2293 1200 2378 loquitur
1216 2305 1247 2363 et
1261 2295 1401 2381 punitur,

272 2413 330 2462 nec
343 2395 477 2478 punitur
491 2398 618 2462 tantum
640 2397 697 2462 sed
716 2397 847 2480 punitur
869 2416 954 2465 more
969 2397 1086 2468 iudicii.
1110 2398 1248 2480 primum
1263 2401 1347 2467 anim
1362 2397 1402 2464 ad

272 2497 426 2570 iudicium
447 2500 588 2578 uocatur,
612 2498 723 2565 deinde
737 2500 889 2584 arguitur,
912 2499 1007 2567 tertio
1029 2501 1219 2570 uerberatos.
1241 2502 1275 2567 in
1297 2501 1402 2568 obinr·

273 2601 400 2682 gatiano
422 2600 506 2666 enim
528 2601 642 2684 excipit
669 2604 737 2668 uim
759 2602 950 2682 sententiae,
975 2603 1010 2672 in
1031 2604 1120 2690 lepra
1147 2608 1255 2678 autern
1281 2603 1439 2689 patiturne

272 2702 432 2786 piaculum
448 2702 647 2770 criminosae:
670 2705 814 2787 quamuis
829 2705 973 2772 coercitio
995 2704 1174 2772 istiusmodi
1189 2724 1251 2772 non
1266 2708 1402 2776 Mariam
1551 2695 1552 2728 ³

271 2808 398 2872 tantum
420 2807 475 2872 sed
497 2807 592 2872 etiam
614 2808 772 2874 Aaronem
794 2807 1019 2887 humiliarerit,
1046 2809 1130 2891 qnia,
1152 2809 1213 2874 etsi
1234 2810 1402 2876 deformari

272 2908 357 2992 lepra
372 2927 534 2977 summum
549 2911 725 2976 antistitem
740 2930 803 2978 non
817 2910 964 2995 oportuit,
986 2913 1018 2977 et
1039 2913 1143 2995 ipsum
1164 2915 1270 2978 tannen
1285 2914 1402 2980 domini

273 3013 439 3098 castigatio
454 3013 642 3100 flagellauit,
665 3033 723 3080 nec
737 3016 838 3082 solum
852 3015 920 3094 hoc,
936 3015 989 3080 sed
1004 3016 1036 3080 in
1057 3033 1167 3097 poena,
1191 3034 1285 3097 quam
1300 3016 1402 3084 Maria

270 3117 409 3201 patitur,
432 3117 539 3183 Aaron
561 3118 658 3184 etiam
681 3120 770 3201 quasi
797 3118 905 3202 culpae
927 3119 1082 3205 particeps
1105 3122 1278 3199 coercetur3
1300 3118 1438 3192 Mariana

220 3219 356 3298 clanim
378 3220 532 3306 supplicio
554 3219 710 3300 adficitur,
733 3223 771 3286 nt
792 3221 898 3296 Aaron
920 3221 1099 3290 confusione
1121 3223 1283 3290 multetur.
1310 3239 1400 3305 porro
1551 3221 1552 3306 l

272 3323 395 3404 autem,
424 3325 461 3389 nt
481 3323 706 3404 inexorabilem
728 3326 762 3393 in
787 3325 973 3410 quibusdam
1001 3343 1238 3410 agnosceremus
1266 3325 1401 3392 formam
1551 3307 1552 3336 ¹

272 3425 371 3493 diuini
393 3445 460 3492 esse
481 3427 600 3509 iudicii,
624 3448 662 3492 ne
677 3427 765 3493 illius
781 3429 908 3511 quidem
923 3430 1093 3494 intercessu
1109 3427 1163 3510 qni
1178 3429 1280 3494 laesus
1295 3427 1400 3493 fuerat

271 3530 415 3594 indulsit.
459 3529 504 3595 sic
531 3532 616 3596 enim
645 3530 780 3616 legimus
809 3531 849 3596 ad
880 3533 1038 3598 Aaronem
1067 3535 1098 3608 et
1123 3531 1256 3608 Mariam
1286 3530 1400 3598 dixisse

271 3633 455 3698 dominum:
500 3652 618 3717 quare
658 3633 784 3719 igitur
828 3653 901 3700 non
945 3635 1148 3701 timuistis
1191 3635 1436 3701 detraherem

280 3905 282 3914 ‚
372 3843 407 3898 30
424 3843 504 3898 Num.
524 3845 565 3926 12,
583 3844 671 3914 8eqq.

320 4041 337 4096 2
355 4057 403 4096 nec
419 4041 496 4112 priua
513 4056 595 4111 paene
613 4044 655 4098 est
672 4043 782 4098 ustimn
801 4059 881 4114 qnam
899 4046 940 4118 A:
960 4061 1009 4098 nec
1026 4047 1163 4113 peractum
1180 4045 1255 4114 prins
1272 4061 1340 4116 pane
1357 4049 1400 4100 est

269 4125 288 4190 i.
306 4143 331 4198 p.
350 4127 376 4181 Β
435 4199 438 4204 ¹
478 4127 623 4186 dtantnm
639 4154 680 4186 ees
696 4129 750 4192 iam
770 4130 858 4186 multa
875 4132 903 4183 A
1008 4131 1041 4186 12
1062 4131 1127 4186 laici
1145 4147 1196 4188 om.
1215 4131 1243 4186 B
1260 4136 1331 4188 m.1
1551 4201 1552 4208 ἶ

269 4211 304 4266 18
320 4229 393 4270 more
409 4214 504 4272 iudicii
520 4213 634 4284 punitur
652 4215 680 4268 B
782 4215 816 4272 20
837 4216 939 4286 excepit
955 4217 984 4294 A
1087 4217 1121 4273 21
1139 4217 1284 4275 cohercitio
1302 4217 1331 4272 B
1551 4259 1552 4298 ,

218 4349 221 4356 .
269 4300 354 4357 maria
370 4302 398 4353 A
489 4301 523 4356 23
541 4301 695 4356 antistitem
713 4317 746 4356 ecc
763 4304 925 4376 antestitem.
938 4306 966 4357 A
978 4319 1046 4358 corr.
1061 4320 1095 4358 m.
1108 4319 1161 4359 rec.
1257 4304 1292 4360 25
1309 4303 1400 4358 coher-
1551 4299 1552 4384 l

269 4386 346 4439 cetur
362 4386 390 4440 B
493 4388 526 4442 27
543 4387 629 4443 forma
647 4388 675 4443 B
1551 4385 1552 4410 ³
