3178 5100
461 484 498 538 de
516 484 648 554 gubern.
667 483 721 540 del
742 484 797 540 VH
821 489 835 550 ξ
854 484 966 541 69-75.
1218 487 1282 553 129

151 676 246 742 malie
268 675 326 741 hoo
348 674 415 740 loeo
443 692 542 756 panea
570 673 737 741 diatonum.
776 674 852 757 quid
873 691 947 754 ergo
968 672 1174 756 impudicitia·
1187 677 1279 756 atque

150 780 328 860 impuritas,
353 779 390 844 do
406 796 468 860 qna
483 779 600 861 loquor,
624 777 778 860 numquid
792 797 854 846 uon
869 779 909 846 ad
925 778 1116 844 eueraionem
1130 777 1280 848 Afrorum

152 883 216 948 sola
251 883 437 948 suffecerat?
487 899 566 963 quae
600 880 685 949 enim
718 881 781 952 fuit
813 898 885 965 para
919 881 1057 948 ciuitatis
1091 899 1153 946 nou
1187 883 1280 962 plena

151 984 302 1062 sordibus,
337 1002 417 1066 quaa
444 986 530 1050 iutra
557 985 666 1053 urbam
694 983 800 1066 platea
829 985 885 1050 aut
906 984 1020 1058 semita
1042 1002 1103 1048 uon
1125 985 1280 1067 lupanar?

16 1177 17 1182 ἵ
129 1090 227 1156 redeo
251 1089 356 1156 omnia
378 1107 474 1171 paena
498 1090 639 1169 competa
666 1104 773 1156 omnes
795 1087 862 1157 uino
886 1091 939 1154 aut
960 1087 1053 1169 quani
1074 1088 1187 1155 munao
1205 1088 1279 1152 libi'-

152 1193 260 1256 diuum
293 1190 518 1258 interciderant
551 1193 606 1256 aut
640 1192 727 1273 quasi
760 1190 842 1258 retia
864 1191 1092 1275 praetexebant,
1124 1193 1161 1258 ut
1183 1189 1279 1260 etiam

152 1295 204 1376 qui
227 1294 267 1360 ab
291 1295 351 1360 hae
372 1313 406 1360 re
428 1296 550 1377 penitus
579 1293 783 1362 abhorrerent
811 1298 918 1362 tamen
947 1293 1049 1362 uitare
1071 1295 1123 1362 uir
1145 1295 1279 1376 poaaant

151 1399 308 1464 latronum
324 1398 551 1480 quodammodo
566 1398 711 1466 exeubiaa
727 1397 849 1465 uideres
864 1397 1106 1464 commeantium
1122 1396 1281 1464 uiatornm
1291 1399 1332 1464 73

151 1501 249 1584 spolia
283 1503 460 1584 captantes,
495 1502 547 1584 qui
582 1501 768 1568 insidiarum
801 1501 1011 1582 frequentium
1046 1501 1202 1568 densitate
1233 1499 1282 1566 ita

119 1622 257 1670 roomuea
288 1604 456 1670 admodum
485 1606 578 1670 ealles
607 1623 713 1670 omnes
741 1604 900 1673 anfractus
923 1623 959 1673 aa
982 1603 1168 1670 diuertieula
1190 1623 1280 1687 saap-

151 1707 275 1786 sieaent
298 1709 335 1774 ut
356 1708 463 1773 nullus
486 1708 584 1775 ferme
607 1711 672 1774 tam
696 1711 812 1774 eautus-
830 1712 922 1786 esset,
946 1708 1000 1790 qui
1022 1725 1083 1774 non
1104 1707 1139 1776 iu
1161 1707 1280 1789 aliquos

150 1810 337 1876 insidiarum
361 1812 486 1893 laqueos
509 1811 692 1892 incurreret,
716 1813 813 1878 etiam
835 1814 889 1895 qui
904 1832 937 1878 ae
960 1813 998 1876 de
1020 1811 1165 1894 plurimis
1188 1830 1280 1893 expe-

152 1914 258 1978 diaoet.
293 1911 461 1994 foetebant,
496 1919 531 1982 ut
565 1916 611 1980 ita
643 1913 787 1995 dixerim,
821 1916 929 1983 ounoti
960 1915 1046 1981 urbis
1073 1914 1162 1980 illino
1195 1913 1279 1982 oiuea

153 2033 244 2083 erano
274 2016 426 2099 libidinis,
458 2037 607 2101 spureum
635 2018 839 2102 sibimetipsis
861 2019 972 2084 mutuo
993 2017 1208 2099 impudieittae
1231 2017 1280 2084 ni-

118 2119 261 2187 adorem
277 2120 443 2188 inalantao.
466 2122 521 2188 aad
538 2122 658 2192 horrori
680 2122 725 2190 eia
747 2125 855 2190 temen
878 2123 1005 2188 horrida
1023 2125 1088 2188 ista
1102 2139 1164 2188 uon
1180 2122 1280 2203 erant,
1292 2125 1332 2190 74

153 2224 225 2305 quia
254 2224 337 2288 idem
364 2242 470 2290 omues
498 2225 608 2292 horror
635 2225 793 2294 iniecerat.
831 2241 926 2292 uuam
954 2225 1037 2292 enim
1065 2228 1156 2307 putea
1187 2225 1283 2290 imeae

152 2326 217 2392 illio
248 2326 415 2392 libidinum
442 2327 745 2411 fornicationumque
772 2328 939 2406 rentiuam,
970 2346 1100 2394 eaerum
1129 2329 1217 2410 qumi
1239 2347 1282 2398 ,ex

151 2429 235 2496 omui
270 2431 445 2512 platearum
468 2433 500 2496 et
522 2433 697 2498 uloaearum
728 2431 799 2501 labe
832 2431 1008 2499 eolleotum.
1047 2434 1080 2497 at
1108 2449 1187 2512 quae
1215 2431 1282 2498 illie

153 2552 222 2615 spes
248 2553 314 2600 ease
336 2538 469 2617 poterat,
491 2534 546 2600 ubi
568 2539 693 2618 praeter
714 2534 757 2612 id,
780 2535 862 2617 quod
884 2535 917 2602 iu
933 2533 1053 2600 domini
1067 2534 1186 2615 templo
1203 2537 1279 2612 erat,

117 2636 231 2702 anihil
265 2636 365 2705 uideri
398 2638 525 2718 penitus
552 2639 613 2706 niai
641 2637 803 2709 sordidum
824 2655 885 2704 uon
914 2637 1280 2721 licebatr‘quamquem

152 2740 226 2822 quid
256 2739 359 2806 diourn
387 2741 419 2806 iu
449 2741 500 2806 dai
527 2743 667 2825 tomprer
701 2743 760 2808 boo
782 2742 895 2826 quippe
917 2743 1021 2808 totum
1042 2740 1081 2807 ad
1104 2739 1280 2806 saoerduteo

151 2844 276 2908 tautum
305 2847 337 2908 et
365 2845 484 2911 olerum
501 2847 666 2927 pertinet:
700 2863 777 2927 quos
800 2863 862 2912 non
885 2845 1028 2922 disertio,
1062 2844 1135 2927 quia
1163 2843 1283 2912 domiui

152 2945 216 3012 mei
238 2946 412 3014 ministerio
435 2949 642 3014 reuerentiam
657 2966 757 3032 seruo,
781 2948 814 3014 et
829 2966 905 3031 quoe
923 2949 967 3014 ita
983 2947 1062 3013 soles
1077 2965 1171 3030 puros
1187 2946 1282 3014 fuisse

152 3049 290 3116 arbitror
323 3051 357 3127 iu
391 3051 513 3129 altario,
548 3051 630 3117 sieut
664 3051 868 3133 pereuntibus
900 3050 1040 3117 Sodomis
1074 3050 1176 3116 solum
1198 3049 1282 3117 Loth

117 3151 247 3218 afuisse
281 3153 415 3236 legimus
443 3155 476 3220 in
507 3157 635 3221 monta·
660 3158 797 3220 aetorum
821 3156 974 3237 quantum
996 3155 1035 3218 ad
1062 3152 1187 3236 plebem
1210 3156 1341 3235 par-lb

205 3388 334 3457 dloquar
351 3405 371 3443 s.
391 3405 407 3442 a
424 3405 474 3444 ser.
493 3406 508 3444 ο
525 3406 559 3444 m.
577 3394 594 3444 1
611 3391 637 3444 A
741 3390 776 3445 ad
793 3390 821 3445 Β
838 3407 859 3446 o.
874 3392 891 3446 l.
995 3391 1144 3446 ueraionam
1161 3407 1281 3460 saperu

152 3472 217 3527 add.
235 3490 249 3527 e
267 3478 334 3530 m.2
351 3477 377 3529 A
482 3476 657 3531 3auffeoarat
675 3493 710 3532 em
728 3477 812 3532 suffio.
830 3481 857 3532 A
875 3493 945 3533 corr.
958 3465 1022 3531 Μ
1039 3465 1105 3532 itam
1120 3479 1283 3548 paulopost

151 3559 266 3628 lupanar
284 3576 319 3616 ea
335 3561 445 3630 lupinar
533 3564 550 3618 5
569 3562 684 3630 oompdra
702 3568 728 3618 et
745 3566 866 3633 eompeta
883 3565 982 3618 onerum
999 3563 1056 3620 AB
1066 3570 1098 3618 ot
1109 3581 1196 3632 eapra
1207 3571 1232 3630 9.
1245 3570 1282 3621 68

151 3649 333 3713 eompetarum
419 3648 441 3710 ,6
453 3647 644 3704 intaroidmant
657 3665 691 3704 em
705 3649 843 3704 -oederaut
854 3649 884 3705 A
894 3665 965 3705 corr.
978 3654 1056 3716 m.1;
1074 3651 1109 3717 ef.
1124 3650 1170 3704 VI
1178 3655 1214 3706 14

151 3731 298 3800 'lposaiut
321 3733 349 3786 A
453 3735 486 3788 10
508 3735 661 3791 ammodum
685 3735 714 3788 A
817 3735 950 3791 anlraotoa
968 3751 1053 3804 super
1070 3751 1084 3788 o
1103 3751 1191 3790 aor.·u
1210 3739 1283 3790 oa2

152 3820 193 3884 A,
222 3819 295 3874 idom
317 3821 411 3876 atatim
433 3821 595 3877 deuertioola
614 3838 634 3876 a
653 3838 669 3876 o
686 3837 737 3878 aer.
755 3839 773 3876 u
878 3823 911 3878 12
934 3823 1079 3890 expetierat
1100 3837 1184 3892 super
1200 3825 1214 3876 t
1230 3839 1281 3878 aer.

152 3920 188 3957 oa
204 3907 224 3958 2
242 3905 260 3962 d
277 3906 304 3960 A
404 3908 436 3966 13
454 3907 587 3965 rodebant
604 3909 646 3965 A:
674 3907 811 3964 foetebant
828 3908 856 3962 B
953 3908 1028 3962 aneti
1043 3924 1129 3977 uapor
1147 3925 1163 3962 a
1180 3925 1230 3965 aer.
1249 3923 1282 3963 ou

151 4006 186 4044 m.
205 3993 282 4057 aA,
309 3992 381 4049 odem
398 3997 433 4050 16
450 3995 566 4050 nitorem
583 4009 605 4050 a.
622 4010 674 4050 ser.
693 3996 711 4049 d
729 4000 755 4050 et
772 3994 906 4052 innianter
923 4009 944 4048 a.
962 3994 1054 4050 abab
1144 3995 1177 4048 15
1193 4010 1282 4049 errore

151 4091 238 4144 super
255 4093 270 4130 o
287 4078 342 4134 init
358 4094 410 4134 ser.
429 4078 448 4132 h
465 4095 501 4136 m.
519 4083 538 4134 2
556 4082 584 4138 A
688 4081 720 4134 16
744 4095 833 4134 omnen
852 4095 886 4134 rm
904 4079 991 4135 omnis
1008 4080 1036 4134 A
1054 4095 1124 4134 eurr.
1142 4082 1214 4134 aaa>

152 4161 187 4215 20
205 4177 258 4218 non
272 4169 332 4230 (ora.
347 4165 384 4234 B)
397 4166 496 4222 lieabat
513 4168 541 4222 A
558 4166 634 4232 ‘fort
646 4173 719 4224 reete
731 4182 803 4223 more
817 4166 993 4231 Graecorum,
1011 4167 1045 4233 ef.
1058 4165 1189 4233 Boumelo,
1203 4165 1284 4222 rtem

151 4264 180 4301 a.
206 4247 329 4320 Vulpem
347 4267 375 4320 p.
393 4253 456 4308 446'
480 4253 629 4320 Halmium
654 4259 726 4310 recte
749 4254 848 4321 opium
870 4268 920 4311 oro
943 4253 1063 4320 recipere
1085 4251 1213 4306 dubitaui

152 4349 233 4402 quem
251 4352 341 4405 quam.
368 4339 438 4404 Quid
457 4340 516 4408 (aio)
534 4340 562 4396 A
664 4339 700 4394 22
715 4341 823 4396 tautum
840 4353 925 4407 anper
942 4353 976 4392 aa
992 4352 1044 4392 eor.
1062 4353 1078 4390 o
1095 4353 1130 4392 m.
1147 4339 1168 4392 2
1186 4338 1214 4394 A

152 4421 188 4474 24
206 4422 321 4478 arbitror
339 4425 421 4479 fuisse
437 4425 465 4478 B
569 4425 604 4480 25
621 4425 650 4479 iu
667 4428 758 4479 monte
776 4425 892 4494 legimus
910 4424 937 4480 B

1125 4527 1180 4580 12·
1247 4495 1251 4500 ’
