<?xml version="1.0" encoding="UTF-8"?>
<!DOCTYPE html PUBLIC "-//W3C//DTD XHTML 1.0 Transitional//EN"
    "http://www.w3.org/TR/xhtml1/DTD/xhtml1-transitional.dtd">
<html xmlns="http://www.w3.org/1999/xhtml" xml:lang="en" lang="en">
 <head>
  <title>
</title>
<meta http-equiv="Content-Type" content="text/html;charset=utf-8" />
  <meta name='ocr-system' content='tesseract 3.04.00' />
  <meta name='ocr-capabilities' content='ocr_page ocr_carea ocr_par ocr_line ocrx_word'/>
</head>
<body>
  <div class='ocr_page' id='page_1' title='image "./corpusscriptoru07wissgoog_0088.png"; bbox 0 0 3134 5098; ppageno 0'>
   <div class='ocr_carea' id='block_1_1' title="bbox 455 513 1261 586">
    <p class='ocr_par' dir='ltr' id='par_1_1' title="bbox 455 513 1261 586">
     <span class='ocr_line' id='line_1_1' title="bbox 455 513 1261 586; baseline 0 -16"><span class='ocrx_word' id='word_1_1' title='bbox 455 513 492 570; x_wconf 85' lang='lat' dir='ltr'><strong>de</strong></span> <span class='ocrx_word' id='word_1_2' title='bbox 509 513 649 585; x_wconf 75' lang='lat' dir='ltr'><strong>gnbern-</strong></span> <span class='ocrx_word' id='word_1_3' title='bbox 667 513 722 570; x_wconf 82' lang='lat' dir='ltr'><strong>dei</strong></span> <span class='ocrx_word' id='word_1_4' title='bbox 745 513 807 570; x_wconf 92' lang='lat'>1111</span> <span class='ocrx_word' id='word_1_5' title='bbox 825 514 935 581; x_wconf 72' lang='grc'>13-8.</span> <span class='ocrx_word' id='word_1_6' title='bbox 1217 515 1261 586; x_wconf 76' lang='grc'><strong>65</strong></span> 
     </span>
    </p>
   </div>
   <div class='ocr_carea' id='block_1_2' title="bbox 29 701 1294 1706">
    <p class='ocr_par' dir='ltr' id='par_1_2' title="bbox 29 701 1294 1706">
     <span class='ocr_line' id='line_1_2' title="bbox 129 701 1259 788; baseline 0.001 -16"><span class='ocrx_word' id='word_1_7' title='bbox 129 709 255 772; x_wconf 85' lang='lat' dir='ltr'><strong>eonotue</strong></span> <span class='ocrx_word' id='word_1_8' title='bbox 285 723 343 772; x_wconf 85' lang='lat' dir='ltr'><strong>neo</strong></span> <span class='ocrx_word' id='word_1_9' title='bbox 370 701 465 771; x_wconf 78' lang='lat' dir='ltr'><strong>iidem</strong></span> <span class='ocrx_word' id='word_1_10' title='bbox 498 703 625 788; x_wconf 82' lang='lat' dir='ltr'><strong>quinem</strong></span> <span class='ocrx_word' id='word_1_11' title='bbox 659 704 744 772; x_wconf 85' lang='lat' dir='ltr'><strong>‹tiout</strong></span> <span class='ocrx_word' id='word_1_12' title='bbox 776 704 957 772; x_wconf 83' lang='lat' dir='ltr'><strong>hominibus</strong></span> <span class='ocrx_word' id='word_1_13' title='bbox 979 704 1163 773; x_wconf 82' lang='lat' dir='ltr'><strong>Ohrietinnie</strong></span> <span class='ocrx_word' id='word_1_14' title='bbox 1182 707 1259 774; x_wconf 86' lang='lat' dir='ltr'><strong>-eino</strong></span> 
     </span>
     <span class='ocr_line' id='line_1_3' title="bbox 128 806 1257 895; baseline 0.001 -19"><span class='ocrx_word' id='word_1_15' title='bbox 128 806 274 895; x_wconf 84' lang='lat' dir='ltr'><strong>operibns</strong></span> <span class='ocrx_word' id='word_1_16' title='bbox 297 809 386 876; x_wconf 83' lang='lat' dir='ltr'><strong>tonis</strong></span> <span class='ocrx_word' id='word_1_17' title='bbox 407 822 497 890; x_wconf 80' lang='lat' dir='ltr'><strong>posse</strong></span> <span class='ocrx_word' id='word_1_18' title='bbox 518 809 676 890; x_wconf 79' lang='lat' dir='ltr'><strong>prodesse.</strong></span> <span class='ocrx_word' id='word_1_19' title='bbox 699 811 743 874; x_wconf 84' lang='lat' dir='ltr'><strong>ot</strong></span> <span class='ocrx_word' id='word_1_20' title='bbox 764 808 993 892; x_wconf 80' lang='lat' dir='ltr'><strong>nuqnemuno</strong></span> <span class='ocrx_word' id='word_1_21' title='bbox 1007 809 1144 892; x_wconf 73' lang='lat' dir='ltr'><strong>piuo&#39;eet</strong></span> <span class='ocrx_word' id='word_1_22' title='bbox 1164 807 1257 878; x_wconf 81' lang='lat' dir='ltr'><strong>fidem</strong></span> 
     </span>
     <span class='ocr_line' id='line_1_4' title="bbox 127 911 1259 996; baseline -0.001 -17"><span class='ocrx_word' id='word_1_23' title='bbox 127 913 243 979; x_wconf 82' lang='lat' dir='ltr'><strong>tubere</strong></span> <span class='ocrx_word' id='word_1_24' title='bbox 278 927 372 995; x_wconf 75' lang='lat' dir='ltr'><strong>quem</strong></span> <span class='ocrx_word' id='word_1_25' title='bbox 405 929 537 996; x_wconf 88' lang='lat' dir='ltr'><strong>nomen,</strong></span> <span class='ocrx_word' id='word_1_26' title='bbox 571 911 644 995; x_wconf 79' lang='lat' dir='ltr'><strong>quie</strong></span> <span class='ocrx_word' id='word_1_27' title='bbox 671 928 782 978; x_wconf 93' lang='lat' dir='ltr'><strong>nomen</strong></span> <span class='ocrx_word' id='word_1_28' title='bbox 816 911 1006 979; x_wconf 81' lang='lat' dir='ltr'><strong>uooebninm</strong></span> <span class='ocrx_word' id='word_1_29' title='bbox 1035 913 1084 978; x_wconf 82' lang='lat' dir='ltr'><strong>eet</strong></span> <span class='ocrx_word' id='word_1_30' title='bbox 1109 913 1259 994; x_wconf 75' lang='lat' dir='ltr'><strong>hominis,</strong></span> 
     </span>
     <span class='ocr_line' id='line_1_5' title="bbox 126 1014 1260 1100; baseline -0.003 -16"><span class='ocrx_word' id='word_1_31' title='bbox 126 1017 204 1084; x_wconf 76' lang='lat' dir='ltr'><strong>tneo</strong></span> <span class='ocrx_word' id='word_1_32' title='bbox 235 1018 342 1084; x_wconf 83' lang='lat' dir='ltr'><strong>entem</strong></span> <span class='ocrx_word' id='word_1_33' title='bbox 373 1015 494 1081; x_wconf 78' lang='lat' dir='ltr'><strong>innotus</strong></span> <span class='ocrx_word' id='word_1_34' title='bbox 524 1015 576 1080; x_wconf 84' lang='lat' dir='ltr'><strong>eet</strong></span> <span class='ocrx_word' id='word_1_35' title='bbox 602 1016 728 1081; x_wconf 81' lang='lat' dir='ltr'><strong>mentis.</strong></span> <span class='ocrx_word' id='word_1_36' title='bbox 746 1017 794 1081; x_wconf 74' lang='lat' dir='ltr'><strong>et</strong></span> <span class='ocrx_word' id='word_1_37' title='bbox 815 1018 924 1083; x_wconf 81' lang='lat' dir='ltr'><strong>tumen</strong></span> <span class='ocrx_word' id='word_1_38' title='bbox 952 1015 1037 1082; x_wconf 83' lang='lat' dir='ltr'><strong>inuno</strong></span> <span class='ocrx_word' id='word_1_39' title='bbox 1058 1015 1163 1100; x_wconf 79' lang='lat' dir='ltr'><strong>ipsum</strong></span> <span class='ocrx_word' id='word_1_40' title='bbox 1185 1014 1260 1083; x_wconf 84' lang='lat' dir='ltr'><strong>fidei</strong></span> 
     </span>
     <span class='ocr_line' id='line_1_6' title="bbox 29 1117 1294 1214; baseline 0.005 -32"><span class='ocrx_word' id='word_1_41' title='bbox 29 1203 32 1214; x_wconf 20' lang='lat'><em>⁵</em></span> <span class='ocrx_word' id='word_1_42' title='bbox 108 1120 268 1186; x_wconf 75' lang='lat' dir='ltr'><strong>otruotum</strong></span> <span class='ocrx_word' id='word_1_43' title='bbox 291 1119 539 1186; x_wconf 56' lang='lat' dir='ltr'><strong>&#39;ininuotnosnm</strong></span> <span class='ocrx_word' id='word_1_44' title='bbox 575 1117 733 1204; x_wconf 84' lang='lat' dir='ltr'><strong>upoetolne</strong></span> <span class='ocrx_word' id='word_1_45' title='bbox 769 1118 838 1185; x_wconf 85' lang='lat' dir='ltr'><strong>eine</strong></span> <span class='ocrx_word' id='word_1_46' title='bbox 880 1117 1027 1203; x_wconf 79' lang='lat' dir='ltr'><strong>operibus</strong></span> <span class='ocrx_word' id='word_1_47' title='bbox 1064 1118 1155 1188; x_wconf 77' lang='lat' dir='ltr'><strong>tonis</strong></span> <span class='ocrx_word' id='word_1_48' title='bbox 1192 1136 1260 1188; x_wconf 79' lang='lat' dir='ltr'><strong>enee</strong></span> <span class='ocrx_word' id='word_1_49' title='bbox 1291 1167 1294 1176; x_wconf 80' lang='lat'><em>·</em></span> 
     </span>
     <span class='ocr_line' id='line_1_7' title="bbox 127 1220 1260 1306; baseline 0.002 -16"><span class='ocrx_word' id='word_1_50' title='bbox 127 1225 265 1290; x_wconf 80' lang='lat' dir='ltr'><strong>testetur</strong></span> <span class='ocrx_word' id='word_1_51' title='bbox 298 1221 420 1289; x_wconf 87' lang='lat' dir='ltr'><strong>dioene:</strong></span> <span class='ocrx_word' id='word_1_52' title='bbox 455 1220 557 1288; x_wconf 75' lang='lat' dir='ltr'><strong>fines</strong></span> <span class='ocrx_word' id='word_1_53' title='bbox 590 1222 675 1289; x_wconf 85' lang='lat' dir='ltr'><strong>eino</strong></span> <span class='ocrx_word' id='word_1_54' title='bbox 707 1222 899 1306; x_wconf 79' lang='lat' dir='ltr'><strong>operibns</strong></span> <span class='ocrx_word' id='word_1_55' title='bbox 931 1225 1088 1290; x_wconf 84' lang='lat' dir='ltr'><strong>mortuo</strong></span> <span class='ocrx_word' id='word_1_56' title='bbox 1121 1226 1188 1291; x_wconf 84' lang='lat' dir='ltr'><strong>eet</strong></span> <span class='ocrx_word' id='word_1_57' title='bbox 1227 1228 1260 1292; x_wconf 90' lang='lat' dir='ltr'><strong>et</strong></span> 
     </span>
     <span class='ocr_line' id='line_1_8' title="bbox 126 1325 1260 1411; baseline 0.004 -19"><span class='ocrx_word' id='word_1_58' title='bbox 126 1329 261 1393; x_wconf 84' lang='lat' dir='ltr'><strong>iterum:</strong></span> <span class='ocrx_word' id='word_1_59' title='bbox 295 1327 406 1393; x_wconf 90' lang='lat' dir='ltr'><strong>eiout</strong></span> <span class='ocrx_word' id='word_1_60' title='bbox 438 1326 541 1392; x_wconf 92' lang='lat' dir='ltr'><strong>enim</strong></span> <span class='ocrx_word' id='word_1_61' title='bbox 575 1343 719 1410; x_wconf 82' lang='lat' dir='ltr'><strong>oorpn&#39;o</strong></span> <span class='ocrx_word' id='word_1_62' title='bbox 750 1327 836 1392; x_wconf 87' lang='lat' dir='ltr'><strong>eine</strong></span> <span class='ocrx_word' id='word_1_63' title='bbox 863 1325 1036 1411; x_wconf 50' lang='lat' dir='ltr'><strong>spiritns</strong></span> <span class='ocrx_word' id='word_1_64' title='bbox 1064 1328 1126 1394; x_wconf 87' lang='lat' dir='ltr'><strong>eio</strong></span> <span class='ocrx_word' id='word_1_65' title='bbox 1154 1328 1260 1396; x_wconf 81' lang='lat' dir='ltr'><strong>fides</strong></span> 
     </span>
     <span class='ocr_line' id='line_1_9' title="bbox 128 1421 1260 1516; baseline 0.004 -20"><span class='ocrx_word' id='word_1_66' title='bbox 128 1431 211 1496; x_wconf 86' lang='lat' dir='ltr'><strong>eine</strong></span> <span class='ocrx_word' id='word_1_67' title='bbox 233 1430 420 1516; x_wconf 85' lang='lat' dir='ltr'><strong>operibus</strong></span> <span class='ocrx_word' id='word_1_68' title='bbox 442 1429 562 1496; x_wconf 83' lang='lat' dir='ltr'><strong>bonis</strong></span> <span class='ocrx_word' id='word_1_69' title='bbox 582 1429 741 1496; x_wconf 79' lang='lat' dir='ltr'><strong>mortue</strong></span> <span class='ocrx_word' id='word_1_70' title='bbox 762 1432 831 1496; x_wconf 87' lang='lat' dir='ltr'><strong>eet.</strong></span> <span class='ocrx_word' id='word_1_71' title='bbox 862 1421 951 1496; x_wconf 78' lang='lat' dir='ltr'><strong>ecidit</strong></span> <span class='ocrx_word' id='word_1_72' title='bbox 968 1433 1260 1516; x_wconf 80' lang='lat' dir='ltr'><strong>qnoqueuuperioru</strong></span> 
     </span>
     <span class='ocr_line' id='line_1_10' title="bbox 128 1533 1261 1618; baseline 0.004 -18"><span class='ocrx_word' id='word_1_73' title='bbox 128 1533 283 1618; x_wconf 75' lang='lat' dir='ltr'><strong>quaedum</strong></span> <span class='ocrx_word' id='word_1_74' title='bbox 297 1534 344 1602; x_wconf 76' lang='lat' dir='ltr'><strong>uui</strong></span> <span class='ocrx_word' id='word_1_75' title='bbox 365 1533 596 1601; x_wconf 77' lang='lat' dir='ltr'><strong>contundendos</strong></span> <span class='ocrx_word' id='word_1_76' title='bbox 619 1549 681 1613; x_wconf 81' lang='lat' dir='ltr'><strong>eos,</strong></span> <span class='ocrx_word' id='word_1_77' title='bbox 704 1534 836 1618; x_wconf 69' lang='lat' dir='ltr'><strong>qui&#39;eibi</strong></span> <span class='ocrx_word' id='word_1_78' title='bbox 857 1537 1111 1618; x_wconf 69' lang='lat' dir='ltr'><strong>praesumptione</strong></span> <span class='ocrx_word' id='word_1_79' title='bbox 1125 1535 1261 1605; x_wconf 76' lang='lat' dir='ltr'><strong>christi·</strong></span> 
     </span>
     <span class='ocr_line' id='line_1_11' title="bbox 99 1636 536 1706; baseline 0.007 -5"><span class='ocrx_word' id='word_1_80' title='bbox 99 1657 204 1705; x_wconf 76' lang='lat' dir='ltr'><strong>nonnae</strong></span> <span class='ocrx_word' id='word_1_81' title='bbox 225 1636 298 1704; x_wconf 85' lang='lat' dir='ltr'><strong>fidei</strong></span> <span class='ocrx_word' id='word_1_82' title='bbox 320 1639 536 1706; x_wconf 66' lang='lat' dir='ltr'><strong>blandiuntur.</strong></span> 
     </span>
    </p>
   </div>
   <div class='ocr_carea' id='block_1_3' title="bbox 102 1757 1309 3608">
    <p class='ocr_par' dir='ltr' id='par_1_3' title="bbox 129 1757 1309 2158">
     <span class='ocr_line' id='line_1_12' title="bbox 170 1757 1288 1845; baseline -0.001 -19"><span class='ocrx_word' id='word_1_83' title='bbox 170 1759 211 1826; x_wconf 93' lang='lat' dir='ltr'><strong>II.</strong></span> <span class='ocrx_word' id='word_1_84' title='bbox 234 1759 309 1828; x_wconf 65' lang='lat' dir='ltr'><strong>&#39;Sed</strong></span> <span class='ocrx_word' id='word_1_85' title='bbox 337 1759 417 1826; x_wconf 85' lang='lat' dir='ltr'><strong>dioit</strong></span> <span class='ocrx_word' id='word_1_86' title='bbox 444 1759 574 1843; x_wconf 76' lang='lat' dir='ltr'><strong>eiiqnisz</strong></span> <span class='ocrx_word' id='word_1_87' title='bbox 602 1760 638 1826; x_wconf 89' lang='lat' dir='ltr'><strong>tn</strong></span> <span class='ocrx_word' id='word_1_88' title='bbox 660 1759 755 1826; x_wconf 85' lang='lat' dir='ltr'><strong>iidem</strong></span> <span class='ocrx_word' id='word_1_89' title='bbox 776 1760 872 1826; x_wconf 79' lang='lat' dir='ltr'><strong>hebes</strong></span> <span class='ocrx_word' id='word_1_90' title='bbox 895 1763 926 1827; x_wconf 90' lang='lat' dir='ltr'><strong>et</strong></span> <span class='ocrx_word' id='word_1_91' title='bbox 950 1778 1005 1845; x_wconf 84' lang='lat' dir='ltr'><strong>ego</strong></span> <span class='ocrx_word' id='word_1_92' title='bbox 1029 1757 1122 1845; x_wconf 79' lang='lat' dir='ltr'><strong>oper&#39;u</strong></span> <span class='ocrx_word' id='word_1_93' title='bbox 1143 1760 1288 1828; x_wconf 78' lang='lat' dir='ltr'><strong>hebeozi</strong></span> 
     </span>
     <span class='ocr_line' id='line_1_13' title="bbox 129 1861 1256 1948; baseline 0.002 -19"><span class='ocrx_word' id='word_1_94' title='bbox 129 1861 358 1930; x_wconf 80' lang='lat' dir='ltr'><strong>ostendemihi</strong></span> <span class='ocrx_word' id='word_1_95' title='bbox 379 1863 448 1928; x_wconf 85' lang='lat' dir='ltr'><strong>eine</strong></span> <span class='ocrx_word' id='word_1_96' title='bbox 476 1861 621 1947; x_wconf 86' lang='lat' dir='ltr'><strong>operibns</strong></span> <span class='ocrx_word' id='word_1_97' title='bbox 646 1861 742 1929; x_wconf 87' lang='lat' dir='ltr'><strong>tidem</strong></span> <span class='ocrx_word' id='word_1_98' title='bbox 762 1864 852 1929; x_wconf 80' lang='lat' dir='ltr'><strong>tuam</strong></span> <span class='ocrx_word' id='word_1_99' title='bbox 875 1866 907 1929; x_wconf 89' lang='lat' dir='ltr'><strong>et</strong></span> <span class='ocrx_word' id='word_1_100' title='bbox 930 1881 986 1948; x_wconf 81' lang='lat' dir='ltr'><strong>ego</strong></span> <span class='ocrx_word' id='word_1_101' title='bbox 1008 1865 1174 1932; x_wconf 82' lang='lat' dir='ltr'><strong>ostendum</strong></span> <span class='ocrx_word' id='word_1_102' title='bbox 1196 1865 1256 1932; x_wconf 91' lang='lat' dir='ltr'><strong>tibi</strong></span> 
     </span>
     <span class='ocr_line' id='line_1_14' title="bbox 129 1965 1260 2050; baseline 0.002 -18"><span class='ocrx_word' id='word_1_103' title='bbox 129 1985 162 2032; x_wconf 86' lang='lat' dir='ltr'><strong>ex</strong></span> <span class='ocrx_word' id='word_1_104' title='bbox 184 1965 329 2050; x_wconf 86' lang='lat' dir='ltr'><strong>operibns</strong></span> <span class='ocrx_word' id='word_1_105' title='bbox 350 1966 445 2033; x_wconf 87' lang='lat' dir='ltr'><strong>fidem</strong></span> <span class='ocrx_word' id='word_1_106' title='bbox 467 1983 578 2033; x_wconf 82' lang='lat' dir='ltr'><strong>meam.</strong></span> <span class='ocrx_word' id='word_1_107' title='bbox 612 1984 673 2050; x_wconf 87' lang='lat' dir='ltr'><strong>qno</strong></span> <span class='ocrx_word' id='word_1_108' title='bbox 695 1965 804 2050; x_wconf 88' lang='lat' dir='ltr'><strong>utique</strong></span> <span class='ocrx_word' id='word_1_109' title='bbox 819 1967 878 2032; x_wconf 88' lang='lat' dir='ltr'><strong>hoo</strong></span> <span class='ocrx_word' id='word_1_110' title='bbox 900 1966 1026 2047; x_wconf 72' lang='lat' dir='ltr'><strong>initient,</strong></span> <span class='ocrx_word' id='word_1_111' title='bbox 1050 1969 1138 2034; x_wconf 83' lang='grc'>00100</span> <span class='ocrx_word' id='word_1_112' title='bbox 1161 1967 1260 2036; x_wconf 83' lang='grc'>10000</span> 
     </span>
     <span class='ocr_line' id='line_1_15' title="bbox 130 2061 1309 2158; baseline 0 -20"><span class='ocrx_word' id='word_1_113' title='bbox 130 2071 322 2138; x_wconf 73' lang='lat' dir='ltr'><strong>christianae</strong></span> <span class='ocrx_word' id='word_1_114' title='bbox 344 2069 417 2140; x_wconf 85' lang='lat' dir='ltr'><strong>fidoi</strong></span> <span class='ocrx_word' id='word_1_115' title='bbox 439 2070 529 2154; x_wconf 87' lang='lat' dir='ltr'><strong>qneei</strong></span> <span class='ocrx_word' id='word_1_116' title='bbox 551 2071 650 2136; x_wconf 81' lang='lat' dir='ltr'><strong>teetee</strong></span> <span class='ocrx_word' id='word_1_117' title='bbox 673 2087 749 2152; x_wconf 78' lang='lat' dir='ltr'><strong>osee,</strong></span> <span class='ocrx_word' id='word_1_118' title='bbox 773 2071 848 2154; x_wconf 82' lang='lat' dir='ltr'><strong>quie</strong></span> <span class='ocrx_word' id='word_1_119' title='bbox 871 2068 1067 2158; x_wconf 82' lang='lat' dir='ltr'><strong>Ohnietiunue</strong></span> <span class='ocrx_word' id='word_1_120' title='bbox 1089 2071 1152 2140; x_wconf 86' lang='lat' dir='ltr'><strong>niei</strong></span> <span class='ocrx_word' id='word_1_121' title='bbox 1167 2090 1260 2157; x_wconf 85' lang='lat' dir='ltr'><strong>opem</strong></span> <span class='ocrx_word' id='word_1_122' title='bbox 1305 2061 1309 2073; x_wconf 86' lang='lat'>&#39;</span> 
     </span>
    </p>

    <p class='ocr_par' dir='ltr' id='par_1_4' title="bbox 102 2167 1260 2672">
     <span class='ocr_line' id='line_1_16' title="bbox 102 2167 1260 2260; baseline 0.003 -22"><span class='ocrx_word' id='word_1_123' title='bbox 102 2173 209 2240; x_wconf 76' lang='lat' dir='ltr'><strong>otone</strong></span> <span class='ocrx_word' id='word_1_124' title='bbox 231 2167 350 2252; x_wconf 80' lang='lat' dir='ltr'><strong>feeerit,</strong></span> <span class='ocrx_word' id='word_1_125' title='bbox 372 2173 467 2240; x_wconf 84' lang='lat' dir='ltr'><strong>fidem</strong></span> <span class='ocrx_word' id='word_1_126' title='bbox 489 2192 578 2241; x_wconf 86' lang='lat' dir='ltr'><strong>enum</strong></span> <span class='ocrx_word' id='word_1_127' title='bbox 599 2171 725 2258; x_wconf 79' lang='lat' dir='ltr'><strong>penitus</strong></span> <span class='ocrx_word' id='word_1_128' title='bbox 741 2174 911 2258; x_wconf 80' lang='lat' dir='ltr'><strong>adprobare</strong></span> <span class='ocrx_word' id='word_1_129' title='bbox 929 2193 991 2241; x_wconf 93' lang='lat' dir='ltr'><strong>non</strong></span> <span class='ocrx_word' id='word_1_130' title='bbox 1013 2176 1123 2257; x_wconf 78' lang='lat' dir='ltr'><strong>possit,</strong></span> <span class='ocrx_word' id='word_1_131' title='bbox 1147 2193 1183 2242; x_wconf 85' lang='lat' dir='ltr'><strong>uo</strong></span> <span class='ocrx_word' id='word_1_132' title='bbox 1204 2195 1260 2260; x_wconf 86' lang='lat' dir='ltr'><strong>per</strong></span> 
     </span>
     <span class='ocr_line' id='line_1_17' title="bbox 130 2277 1260 2362; baseline -0.001 -16"><span class='ocrx_word' id='word_1_133' title='bbox 130 2281 184 2346; x_wconf 85' lang='lat' dir='ltr'><strong>hoe</strong></span> <span class='ocrx_word' id='word_1_134' title='bbox 206 2281 290 2362; x_wconf 83' lang='lat' dir='ltr'><strong>qnod</strong></span> <span class='ocrx_word' id='word_1_135' title='bbox 311 2280 442 2362; x_wconf 76' lang='lat' dir='ltr'><strong>probare</strong></span> <span class='ocrx_word' id='word_1_136' title='bbox 465 2295 528 2343; x_wconf 95' lang='lat' dir='ltr'><strong>non</strong></span> <span class='ocrx_word' id='word_1_137' title='bbox 550 2277 656 2345; x_wconf 76' lang='lat' dir='ltr'><strong>ualeat</strong></span> <span class='ocrx_word' id='word_1_138' title='bbox 678 2277 752 2362; x_wconf 79' lang='lat' dir='ltr'><strong>qnia</strong></span> <span class='ocrx_word' id='word_1_139' title='bbox 774 2279 833 2355; x_wconf 92' lang='lat' dir='ltr'><strong>eit,</strong></span> <span class='ocrx_word' id='word_1_140' title='bbox 862 2279 906 2344; x_wconf 84' lang='lat' dir='ltr'><strong>eie</strong></span> <span class='ocrx_word' id='word_1_141' title='bbox 929 2279 1055 2344; x_wconf 91' lang='lat' dir='ltr'><strong>omnino</strong></span> <span class='ocrx_word' id='word_1_142' title='bbox 1077 2279 1260 2347; x_wconf 75' lang='lat' dir='ltr'><strong>habendum</strong></span> 
     </span>
     <span class='ocr_line' id='line_1_18' title="bbox 131 2375 1259 2467; baseline 0 -18"><span class='ocrx_word' id='word_1_143' title='bbox 131 2402 192 2449; x_wconf 85' lang='lat' dir='ltr'><strong>esee</strong></span> <span class='ocrx_word' id='word_1_144' title='bbox 220 2383 309 2467; x_wconf 83' lang='lat' dir='ltr'><strong>qnasi</strong></span> <span class='ocrx_word' id='word_1_145' title='bbox 332 2399 392 2450; x_wconf 94' lang='lat' dir='ltr'><strong>non</strong></span> <span class='ocrx_word' id='word_1_146' title='bbox 413 2381 465 2449; x_wconf 84' lang='lat' dir='ltr'><strong>sit.</strong></span> <span class='ocrx_word' id='word_1_147' title='bbox 500 2401 574 2448; x_wconf 80' lang='lat' dir='ltr'><strong>nam</strong></span> <span class='ocrx_word' id='word_1_148' title='bbox 596 2375 691 2465; x_wconf 82' lang='lat' dir='ltr'><strong>quum</strong></span> <span class='ocrx_word' id='word_1_149' title='bbox 713 2399 769 2464; x_wconf 88' lang='lat' dir='ltr'><strong>pro</strong></span> <span class='ocrx_word' id='word_1_150' title='bbox 799 2382 887 2448; x_wconf 88' lang='lat' dir='ltr'><strong>nullo</strong></span> <span class='ocrx_word' id='word_1_151' title='bbox 909 2384 969 2447; x_wconf 88' lang='lat' dir='ltr'><strong>hoo</strong></span> <span class='ocrx_word' id='word_1_152' title='bbox 990 2382 1170 2449; x_wconf 71' lang='lat' dir='ltr'><strong>habendum</strong></span> <span class='ocrx_word' id='word_1_153' title='bbox 1193 2382 1259 2449; x_wconf 87' lang='lat' dir='ltr'><strong>exi·</strong></span> 
     </span>
     <span class='ocr_line' id='line_1_19' title="bbox 130 2483 1258 2570; baseline -0.002 -17"><span class='ocrx_word' id='word_1_154' title='bbox 130 2487 285 2567; x_wconf 65' lang='lat' dir='ltr'><strong>timeret,</strong></span> <span class='ocrx_word' id='word_1_155' title='bbox 307 2483 342 2552; x_wconf 93' lang='lat' dir='ltr'><strong>in</strong></span> <span class='ocrx_word' id='word_1_156' title='bbox 364 2483 498 2552; x_wconf 83' lang='lat' dir='ltr'><strong>subditis</strong></span> <span class='ocrx_word' id='word_1_157' title='bbox 520 2485 630 2551; x_wconf 80' lang='lat' dir='ltr'><strong>stetim</strong></span> <span class='ocrx_word' id='word_1_158' title='bbox 652 2485 719 2570; x_wconf 77' lang='lat' dir='ltr'><strong>ipse</strong></span> <span class='ocrx_word' id='word_1_159' title='bbox 742 2485 953 2566; x_wconf 81' lang='lat' dir='ltr'><strong>demonstrat,</strong></span> <span class='ocrx_word' id='word_1_160' title='bbox 976 2485 1082 2552; x_wconf 85' lang='lat' dir='ltr'><strong>dioens</strong></span> <span class='ocrx_word' id='word_1_161' title='bbox 1106 2487 1145 2552; x_wconf 86' lang='lat' dir='ltr'><strong>ud</strong></span> <span class='ocrx_word' id='word_1_162' title='bbox 1167 2485 1258 2552; x_wconf 78' lang='lat' dir='ltr'><strong>Chri·</strong></span> 
     </span>
     <span class='ocr_line' id='line_1_20' title="bbox 130 2588 1258 2672; baseline -0.001 -15"><span class='ocrx_word' id='word_1_163' title='bbox 130 2591 279 2657; x_wconf 85' lang='lat' dir='ltr'><strong>etiunum:</strong></span> <span class='ocrx_word' id='word_1_164' title='bbox 312 2591 353 2656; x_wconf 90' lang='lat' dir='ltr'><strong>tn</strong></span> <span class='ocrx_word' id='word_1_165' title='bbox 383 2588 513 2656; x_wconf 81' lang='lat' dir='ltr'><strong>eredis</strong></span> <span class='ocrx_word' id='word_1_166' title='bbox 542 2589 635 2672; x_wconf 83' lang='lat' dir='ltr'><strong>quie</strong></span> <span class='ocrx_word' id='word_1_167' title='bbox 664 2607 766 2655; x_wconf 86' lang='lat' dir='ltr'><strong>unne</strong></span> <span class='ocrx_word' id='word_1_168' title='bbox 790 2590 850 2655; x_wconf 87' lang='lat' dir='ltr'><strong>eet</strong></span> <span class='ocrx_word' id='word_1_169' title='bbox 871 2593 971 2657; x_wconf 84' lang='lat' dir='ltr'><strong>dene.</strong></span> <span class='ocrx_word' id='word_1_170' title='bbox 1010 2591 1107 2656; x_wconf 88' lang='lat' dir='ltr'><strong>bene</strong></span> <span class='ocrx_word' id='word_1_171' title='bbox 1136 2591 1258 2657; x_wconf 79' lang='lat' dir='ltr'><strong>faeie:</strong></span> 
     </span>
    </p>

    <p class='ocr_par' dir='ltr' id='par_1_5' title="bbox 102 2692 1289 3192">
     <span class='ocr_line' id='line_1_21' title="bbox 102 2692 1289 2774; baseline 0.008 -20"><span class='ocrx_word' id='word_1_172' title='bbox 102 2697 167 2760; x_wconf 82' lang='lat' dir='ltr'><strong>oet</strong></span> <span class='ocrx_word' id='word_1_173' title='bbox 188 2694 398 2760; x_wconf 81' lang='lat' dir='ltr'><strong>daemones</strong></span> <span class='ocrx_word' id='word_1_174' title='bbox 421 2692 638 2759; x_wconf 84' lang='lat' dir='ltr'><strong>ereduntet</strong></span> <span class='ocrx_word' id='word_1_175' title='bbox 655 2696 991 2760; x_wconf 86' lang='lat' dir='ltr'><strong>eontremeeonnt.</strong></span> <span class='ocrx_word' id='word_1_176' title='bbox 1015 2694 1289 2774; x_wconf 78' lang='lat' dir='ltr'><strong>consideremne,8</strong></span> 
     </span>
     <span class='ocr_line' id='line_1_22' title="bbox 132 2795 1258 2882; baseline 0 -18"><span class='ocrx_word' id='word_1_177' title='bbox 132 2798 202 2881; x_wconf 84' lang='lat' dir='ltr'><strong>qnid</strong></span> <span class='ocrx_word' id='word_1_178' title='bbox 224 2798 361 2864; x_wconf 84' lang='lat' dir='ltr'><strong>noluerit</strong></span> <span class='ocrx_word' id='word_1_179' title='bbox 381 2797 440 2864; x_wconf 89' lang='lat' dir='ltr'><strong>hoo</strong></span> <span class='ocrx_word' id='word_1_180' title='bbox 461 2797 528 2863; x_wconf 88' lang='lat' dir='ltr'><strong>looo</strong></span> <span class='ocrx_word' id='word_1_181' title='bbox 551 2797 710 2882; x_wconf 75' lang='lat' dir='ltr'><strong>apostolus</strong></span> <span class='ocrx_word' id='word_1_182' title='bbox 732 2795 845 2878; x_wconf 77' lang='grc'>(110000,</span> <span class='ocrx_word' id='word_1_183' title='bbox 867 2816 925 2864; x_wconf 87' lang='grc'><strong>000</strong></span> <span class='ocrx_word' id='word_1_184' title='bbox 947 2796 1121 2864; x_wconf 74' lang='lat' dir='ltr'>irascamur</span> <span class='ocrx_word' id='word_1_185' title='bbox 1143 2796 1258 2864; x_wconf 79' lang='lat' dir='ltr'><strong>diuinis</strong></span> 
     </span>
     <span class='ocr_line' id='line_1_23' title="bbox 131 2899 1261 2988; baseline -0.001 -22"><span class='ocrx_word' id='word_1_186' title='bbox 131 2899 318 2968; x_wconf 75' lang='lat' dir='ltr'><strong>testimoniis</strong></span> <span class='ocrx_word' id='word_1_187' title='bbox 340 2901 394 2966; x_wconf 85' lang='lat' dir='ltr'><strong>sed</strong></span> <span class='ocrx_word' id='word_1_188' title='bbox 415 2900 669 2984; x_wconf 84' lang='lat' dir='ltr'><strong>adquieeoumue,</strong></span> <span class='ocrx_word' id='word_1_189' title='bbox 697 2919 754 2967; x_wconf 88' lang='lat' dir='ltr'><strong>nee</strong></span> <span class='ocrx_word' id='word_1_190' title='bbox 775 2901 1026 2972; x_wconf 78' lang='lat' dir='ltr'><strong>contradicemus</strong></span> <span class='ocrx_word' id='word_1_191' title='bbox 1057 2901 1112 2968; x_wconf 81' lang='lat' dir='ltr'><strong>oet</strong></span> <span class='ocrx_word' id='word_1_192' title='bbox 1134 2899 1261 2988; x_wconf 89' lang='lat' dir='ltr'><strong>proiioi·</strong></span> 
     </span>
     <span class='ocr_line' id='line_1_24' title="bbox 131 3003 1257 3089; baseline 0 -18"><span class='ocrx_word' id='word_1_193' title='bbox 131 3023 226 3071; x_wconf 81' lang='lat' dir='ltr'><strong>amne.</strong></span> <span class='ocrx_word' id='word_1_194' title='bbox 271 3006 314 3070; x_wconf 92' lang='lat' dir='ltr'><strong>tu</strong></span> <span class='ocrx_word' id='word_1_195' title='bbox 347 3005 492 3089; x_wconf 80' lang='lat' dir='ltr'><strong>eredis,</strong></span> <span class='ocrx_word' id='word_1_196' title='bbox 525 3004 630 3088; x_wconf 86' lang='lat' dir='ltr'><strong>inquit</strong></span> <span class='ocrx_word' id='word_1_197' title='bbox 662 3005 702 3072; x_wconf 81' lang='lat' dir='ltr'><strong>ed</strong></span> <span class='ocrx_word' id='word_1_198' title='bbox 736 3003 950 3073; x_wconf 77' lang='lat' dir='ltr'><strong>Christianum</strong></span> <span class='ocrx_word' id='word_1_199' title='bbox 984 3022 1084 3072; x_wconf 84' lang='lat' dir='ltr'><strong>sermo</strong></span> <span class='ocrx_word' id='word_1_200' title='bbox 1120 3005 1257 3081; x_wconf 79' lang='lat' dir='ltr'><strong>diuinus,</strong></span> 
     </span>
     <span class='ocr_line' id='line_1_25' title="bbox 131 3106 1258 3192; baseline -0.003 -17"><span class='ocrx_word' id='word_1_201' title='bbox 131 3111 225 3192; x_wconf 87' lang='lat' dir='ltr'><strong>quod</strong></span> <span class='ocrx_word' id='word_1_202' title='bbox 257 3108 349 3174; x_wconf 83' lang='lat' dir='ltr'><strong>dene</strong></span> <span class='ocrx_word' id='word_1_203' title='bbox 380 3126 479 3175; x_wconf 87' lang='lat' dir='ltr'><strong>unns</strong></span> <span class='ocrx_word' id='word_1_204' title='bbox 505 3110 573 3174; x_wconf 88' lang='lat' dir='ltr'><strong>eet.</strong></span> <span class='ocrx_word' id='word_1_205' title='bbox 606 3106 706 3174; x_wconf 87' lang='lat' dir='ltr'><strong>bene</strong></span> <span class='ocrx_word' id='word_1_206' title='bbox 733 3107 851 3175; x_wconf 80' lang='lat' dir='ltr'><strong>fecis:</strong></span> <span class='ocrx_word' id='word_1_207' title='bbox 886 3112 924 3175; x_wconf 88' lang='lat' dir='ltr'><strong>et</strong></span> <span class='ocrx_word' id='word_1_208' title='bbox 946 3109 1155 3175; x_wconf 79' lang='lat' dir='ltr'><strong>daemones</strong></span> <span class='ocrx_word' id='word_1_209' title='bbox 1178 3126 1258 3174; x_wconf 87' lang='lat' dir='ltr'><strong>ore·</strong></span> 
     </span>
    </p>

    <p class='ocr_par' dir='ltr' id='par_1_6' title="bbox 103 3211 1259 3608">
     <span class='ocr_line' id='line_1_26' title="bbox 103 3211 1258 3296; baseline 0.006 -27"><span class='ocrx_word' id='word_1_210' title='bbox 103 3211 224 3277; x_wconf 73' lang='lat' dir='ltr'><strong>uniunt</strong></span> <span class='ocrx_word' id='word_1_211' title='bbox 252 3211 290 3278; x_wconf 91' lang='lat' dir='ltr'><strong>et</strong></span> <span class='ocrx_word' id='word_1_212' title='bbox 318 3211 666 3279; x_wconf 78' lang='lat' dir='ltr'><strong>contremescunt·</strong></span> <span class='ocrx_word' id='word_1_213' title='bbox 687 3211 840 3294; x_wconf 86' lang='lat' dir='ltr'><strong>numquid</strong></span> <span class='ocrx_word' id='word_1_214' title='bbox 870 3212 986 3277; x_wconf 79' lang='lat' dir='ltr'><strong>errauit</strong></span> <span class='ocrx_word' id='word_1_215' title='bbox 1015 3212 1191 3296; x_wconf 81' lang='lat' dir='ltr'><strong>apostolus,</strong></span> <span class='ocrx_word' id='word_1_216' title='bbox 1222 3213 1258 3277; x_wconf 88' lang='lat' dir='ltr'><strong>ut</strong></span> 
     </span>
     <span class='ocr_line' id='line_1_27' title="bbox 131 3312 1259 3401; baseline 0.001 -21"><span class='ocrx_word' id='word_1_217' title='bbox 131 3315 263 3382; x_wconf 83' lang='lat' dir='ltr'><strong>hominis</strong></span> <span class='ocrx_word' id='word_1_218' title='bbox 287 3313 457 3381; x_wconf 74' lang='lat' dir='ltr'><strong>Christiani</strong></span> <span class='ocrx_word' id='word_1_219' title='bbox 488 3314 583 3381; x_wconf 86' lang='lat' dir='ltr'><strong>fidem</strong></span> <span class='ocrx_word' id='word_1_220' title='bbox 618 3312 760 3382; x_wconf 81' lang='lat' dir='ltr'><strong>daemoni</strong></span> <span class='ocrx_word' id='word_1_221' title='bbox 789 3318 1011 3401; x_wconf 77' lang='lat' dir='ltr'><strong>temperaret?</strong></span> <span class='ocrx_word' id='word_1_222' title='bbox 1044 3332 1106 3380; x_wconf 92' lang='lat' dir='ltr'><strong>non</strong></span> <span class='ocrx_word' id='word_1_223' title='bbox 1134 3315 1259 3399; x_wconf 88' lang='lat' dir='ltr'><strong>utique:</strong></span> 
     </span>
     <span class='ocr_line' id='line_1_28' title="bbox 132 3413 1259 3503; baseline 0.002 -21"><span class='ocrx_word' id='word_1_224' title='bbox 132 3419 183 3482; x_wconf 81' lang='lat' dir='ltr'><strong>sed</strong></span> <span class='ocrx_word' id='word_1_225' title='bbox 204 3418 368 3485; x_wconf 80' lang='lat' dir='ltr'><strong>ostendere</strong></span> <span class='ocrx_word' id='word_1_226' title='bbox 390 3419 470 3487; x_wconf 87' lang='lat' dir='ltr'><strong>illud</strong></span> <span class='ocrx_word' id='word_1_227' title='bbox 492 3413 623 3499; x_wconf 83' lang='lat' dir='ltr'><strong>nolens‚&#39;</strong></span> <span class='ocrx_word' id='word_1_228' title='bbox 646 3419 727 3502; x_wconf 80' lang='lat' dir='ltr'><strong>quod</strong></span> <span class='ocrx_word' id='word_1_229' title='bbox 748 3437 844 3503; x_wconf 84' lang='lat' dir='ltr'><strong>enpru</strong></span> <span class='ocrx_word' id='word_1_230' title='bbox 865 3418 986 3485; x_wconf 84' lang='lat' dir='ltr'><strong>dietum</strong></span> <span class='ocrx_word' id='word_1_231' title='bbox 1008 3419 1070 3499; x_wconf 88' lang='lat' dir='ltr'><strong>eet,</strong></span> <span class='ocrx_word' id='word_1_232' title='bbox 1097 3417 1170 3503; x_wconf 81' lang='lat' dir='ltr'><strong>quie</strong></span> <span class='ocrx_word' id='word_1_233' title='bbox 1192 3417 1259 3484; x_wconf 86' lang='lat' dir='ltr'><strong>sine</strong></span> 
     </span>
     <span class='ocr_line' id='line_1_29' title="bbox 132 3521 1259 3608; baseline 0.001 -21"><span class='ocrx_word' id='word_1_234' title='bbox 132 3522 273 3606; x_wconf 82' lang='lat' dir='ltr'><strong>operibus</strong></span> <span class='ocrx_word' id='word_1_235' title='bbox 301 3521 391 3589; x_wconf 85' lang='lat' dir='ltr'><strong>bonis</strong></span> <span class='ocrx_word' id='word_1_236' title='bbox 413 3523 493 3589; x_wconf 88' lang='lat' dir='ltr'><strong>nihil</strong></span> <span class='ocrx_word' id='word_1_237' title='bbox 514 3522 575 3590; x_wconf 85' lang='lat' dir='ltr'><strong>eibi</strong></span> <span class='ocrx_word' id='word_1_238' title='bbox 597 3541 652 3608; x_wconf 86' lang='lat' dir='ltr'><strong>per</strong></span> <span class='ocrx_word' id='word_1_239' title='bbox 672 3521 745 3589; x_wconf 86' lang='lat' dir='ltr'><strong>fidoi</strong></span> <span class='ocrx_word' id='word_1_240' title='bbox 767 3522 971 3606; x_wconf 79' lang='lat' dir='ltr'><strong>supercilium</strong></span> <span class='ocrx_word' id='word_1_241' title='bbox 992 3538 1143 3608; x_wconf 79' lang='lat' dir='ltr'><strong>usurpare</strong></span> <span class='ocrx_word' id='word_1_242' title='bbox 1165 3521 1259 3588; x_wconf 85' lang='lat' dir='ltr'><strong>debe·</strong></span> 
     </span>
    </p>
   </div>
   <div class='ocr_carea' id='block_1_4' title="bbox 232 3707 1191 3778">
    <p class='ocr_par' dir='ltr' id='par_1_7' title="bbox 232 3707 1191 3778">
     <span class='ocr_line' id='line_1_30' title="bbox 232 3707 1191 3778; baseline 0.001 -15"><span class='ocrx_word' id='word_1_243' title='bbox 232 3707 319 3764; x_wconf 78' lang='lat' dir='ltr'><strong>tileo.</strong></span> <span class='ocrx_word' id='word_1_244' title='bbox 338 3708 364 3776; x_wconf 81' lang='grc'><strong>2,</strong></span> <span class='ocrx_word' id='word_1_245' title='bbox 381 3707 416 3764; x_wconf 80' lang='lat'><strong>20</strong></span> <span class='ocrx_word' id='word_1_246' title='bbox 492 3709 580 3765; x_wconf 80' lang='grc'>1100.</span> <span class='ocrx_word' id='word_1_247' title='bbox 598 3709 624 3776; x_wconf 76' lang='grc'>1,</span> <span class='ocrx_word' id='word_1_248' title='bbox 642 3707 677 3764; x_wconf 77' lang='lat'><strong>26</strong></span> <span class='ocrx_word' id='word_1_249' title='bbox 708 3707 744 3765; x_wconf 88' lang='grc'><strong>01.</strong></span> <span class='ocrx_word' id='word_1_250' title='bbox 762 3709 815 3765; x_wconf 76' lang='lat' dir='ltr'><strong>Ito.</strong></span> <span class='ocrx_word' id='word_1_251' title='bbox 834 3708 859 3777; x_wconf 79' lang='lat'><strong>2,</strong></span> <span class='ocrx_word' id='word_1_252' title='bbox 877 3707 911 3766; x_wconf 83' lang='grc'>18</span> <span class='ocrx_word' id='word_1_253' title='bbox 990 3709 1137 3778; x_wconf 78' lang='grc'>191002,</span> <span class='ocrx_word' id='word_1_254' title='bbox 1157 3709 1191 3767; x_wconf 84' lang='grc'>19</span> 
     </span>
    </p>
   </div>
   <div class='ocr_carea' id='block_1_5' title="bbox 129 3863 1258 4195">
    <p class='ocr_par' dir='ltr' id='par_1_8' title="bbox 129 3863 1258 4195">
     <span class='ocr_line' id='line_1_31' title="bbox 179 3863 1258 3936; baseline 0.002 -18"><span class='ocrx_word' id='word_1_255' title='bbox 179 3863 197 3918; x_wconf 83' lang='grc'>3</span> <span class='ocrx_word' id='word_1_256' title='bbox 220 3867 263 3919; x_wconf 85' lang='lat' dir='ltr'><strong>eet</strong></span> <span class='ocrx_word' id='word_1_257' title='bbox 279 3863 441 3920; x_wconf 77' lang='lat' dir='ltr'><strong>uooubulum</strong></span> <span class='ocrx_word' id='word_1_258' title='bbox 464 3864 493 3919; x_wconf 89' lang='grc' dir='ltr'><strong><em>Β</em></strong></span> <span class='ocrx_word' id='word_1_259' title='bbox 598 3864 631 3919; x_wconf 79' lang='grc'>12</span> <span class='ocrx_word' id='word_1_260' title='bbox 648 3863 728 3920; x_wconf 85' lang='lat' dir='ltr'><strong>iidem</strong></span> <span class='ocrx_word' id='word_1_261' title='bbox 744 3866 802 3920; x_wconf 84' lang='lat' dir='ltr'><strong>eine</strong></span> <span class='ocrx_word' id='word_1_262' title='bbox 820 3865 945 3935; x_wconf 76' lang='lat' dir='ltr'><strong>operibns</strong></span> <span class='ocrx_word' id='word_1_263' title='bbox 963 3866 992 3921; x_wconf 94' lang='lat' dir='ltr'><strong><em>B</em></strong></span> <span class='ocrx_word' id='word_1_264' title='bbox 1009 3865 1084 3936; x_wconf 72' lang='lat' dir='ltr'><strong>(auu</strong></span> <span class='ocrx_word' id='word_1_265' title='bbox 1102 3865 1183 3920; x_wconf 83' lang='lat' dir='ltr'><strong>fidem</strong></span> <span class='ocrx_word' id='word_1_266' title='bbox 1200 3880 1222 3920; x_wconf 86' lang='grc'>0.</span> <span class='ocrx_word' id='word_1_267' title='bbox 1239 3865 1258 3920; x_wconf 84' lang='grc'>1.</span> 
     </span>
     <span class='ocr_line' id='line_1_32' title="bbox 129 3941 1190 4021; baseline 0 -17"><span class='ocrx_word' id='word_1_268' title='bbox 129 3955 190 4017; x_wconf 86' lang='lat' dir='ltr'><strong>poet</strong></span> <span class='ocrx_word' id='word_1_269' title='bbox 207 3950 289 4021; x_wconf 70' lang='lat' dir='ltr'><strong>open]</strong></span> <span class='ocrx_word' id='word_1_270' title='bbox 381 3951 416 4006; x_wconf 78' lang='lat'><strong>13</strong></span> <span class='ocrx_word' id='word_1_271' title='bbox 432 3950 516 4005; x_wconf 80' lang='lat' dir='ltr'><strong>bonon</strong></span> <span class='ocrx_word' id='word_1_272' title='bbox 534 3965 569 4006; x_wconf 82' lang='grc'><strong>00</strong></span> <span class='ocrx_word' id='word_1_273' title='bbox 586 3951 671 4006; x_wconf 84' lang='lat' dir='ltr'><strong>bonne</strong></span> <span class='ocrx_word' id='word_1_274' title='bbox 688 3953 716 4004; x_wconf 99' lang='lat' dir='ltr'><strong><em>A</em></strong></span> <span class='ocrx_word' id='word_1_275' title='bbox 733 3967 851 4008; x_wconf 66' lang='lat' dir='ltr'><strong>corn-ou</strong></span> <span class='ocrx_word' id='word_1_276' title='bbox 864 3967 919 4009; x_wconf 84' lang='grc'>000.</span> <span class='ocrx_word' id='word_1_277' title='bbox 1015 3941 1049 4008; x_wconf 80' lang='lat'><strong>14&#39;</strong></span> <span class='ocrx_word' id='word_1_278' title='bbox 1065 3951 1145 4007; x_wconf 84' lang='lat' dir='ltr'><strong>teetie</strong></span> <span class='ocrx_word' id='word_1_279' title='bbox 1162 3951 1190 4005; x_wconf 93' lang='lat' dir='ltr'><strong><em>A</em></strong></span> 
     </span>
     <span class='ocr_line' id='line_1_33' title="bbox 133 4035 1258 4108; baseline 0 -18"><span class='ocrx_word' id='word_1_280' title='bbox 133 4035 163 4090; x_wconf 81' lang='lat'><strong>15</strong></span> <span class='ocrx_word' id='word_1_281' title='bbox 178 4035 305 4106; x_wconf 78' lang='lat' dir='ltr'><strong>poenitus</strong></span> <span class='ocrx_word' id='word_1_282' title='bbox 322 4038 351 4094; x_wconf 90' lang='lat' dir='ltr'><strong><em>A</em></strong></span> <span class='ocrx_word' id='word_1_283' title='bbox 441 4036 473 4091; x_wconf 79' lang='lat'><strong>17</strong></span> <span class='ocrx_word' id='word_1_284' title='bbox 491 4036 540 4092; x_wconf 76' lang='lat' dir='ltr'><strong>‘on</strong></span> <span class='ocrx_word' id='word_1_285' title='bbox 551 4035 740 4092; x_wconf 77' lang='lat' dir='ltr'><strong>eniitimuriti&#39;</strong></span> <span class='ocrx_word' id='word_1_286' title='bbox 759 4037 906 4106; x_wconf 66' lang='grc' dir='ltr'><strong>Ηο1001000,θ</strong></span> <span class='ocrx_word' id='word_1_287' title='bbox 921 4037 1057 4105; x_wconf 68' lang='grc'>1001111000</span> <span class='ocrx_word' id='word_1_288' title='bbox 1068 4035 1178 4108; x_wconf 73' lang='lat' dir='ltr'><strong>quidem</strong></span> <span class='ocrx_word' id='word_1_289' title='bbox 1189 4038 1258 4090; x_wconf 83' lang='grc'>00001</span> 
     </span>
     <span class='ocr_line' id='line_1_34' title="bbox 133 4120 1258 4195; baseline -0.002 -17"><span class='ocrx_word' id='word_1_290' title='bbox 133 4123 297 4191; x_wconf 68' lang='lat' dir='ltr'><strong>montotto,</strong></span> <span class='ocrx_word' id='word_1_291' title='bbox 318 4121 442 4179; x_wconf 74' lang='lat' dir='ltr'><strong>sednon</strong></span> <span class='ocrx_word' id='word_1_292' title='bbox 459 4124 630 4194; x_wconf 57' lang='lat' dir='ltr'><strong>nomitatim</strong></span> <span class='ocrx_word' id='word_1_293' title='bbox 657 4123 693 4190; x_wconf 76' lang='lat' dir='ltr'><strong>of.</strong></span> <span class='ocrx_word' id='word_1_294' title='bbox 712 4121 773 4178; x_wconf 83' lang='lat' dir='ltr'><strong>Vo</strong></span> <span class='ocrx_word' id='word_1_295' title='bbox 788 4123 874 4180; x_wconf 61' lang='grc'>000010</span> <span class='ocrx_word' id='word_1_296' title='bbox 898 4120 940 4179; x_wconf 76' lang='lat' dir='ltr'><strong>&#39;Et</strong></span> <span class='ocrx_word' id='word_1_297' title='bbox 958 4123 1065 4195; x_wconf 83' lang='lat' dir='ltr'><strong>quidem</strong></span> <span class='ocrx_word' id='word_1_298' title='bbox 1087 4121 1258 4191; x_wconf 76' lang='lat' dir='ltr'><strong>mirari-poe·</strong></span> 
     </span>
    </p>
   </div>
   <div class='ocr_carea' id='block_1_6' title="bbox 134 4207 1363 4279">
    <p class='ocr_par' dir='ltr' id='par_1_9' title="bbox 134 4207 1363 4279">
     <span class='ocr_line' id='line_1_35' title="bbox 134 4207 1363 4279; baseline 0 -15"><span class='ocrx_word' id='word_1_299' title='bbox 134 4207 194 4276; x_wconf 78' lang='lat' dir='ltr'><strong>tim,</strong></span> <span class='ocrx_word' id='word_1_300' title='bbox 219 4210 292 4279; x_wconf 84' lang='lat' dir='ltr'><strong>qnod</strong></span> <span class='ocrx_word' id='word_1_301' title='bbox 316 4209 365 4264; x_wconf 83' lang='lat' dir='ltr'><strong>hoo</strong></span> <span class='ocrx_word' id='word_1_302' title='bbox 388 4223 441 4264; x_wconf 89' lang='lat' dir='ltr'><strong>non</strong></span> <span class='ocrx_word' id='word_1_303' title='bbox 464 4223 556 4264; x_wconf 79' lang='lat' dir='ltr'><strong>omnes</strong></span> <span class='ocrx_word' id='word_1_304' title='bbox 578 4210 686 4264; x_wconf 90' lang='lat' dir='ltr'><strong>omnino</strong></span> <span class='ocrx_word' id='word_1_305' title='bbox 709 4210 830 4265; x_wconf 80' lang='lat' dir='ltr'><strong>ieeerent</strong></span> <span class='ocrx_word' id='word_1_306' title='bbox 932 4210 968 4265; x_wconf 74' lang='grc'>10</span> <span class='ocrx_word' id='word_1_307' title='bbox 994 4207 1202 4265; x_wconf 78' lang='lat' dir='ltr'><strong>contremiseunt</strong></span> <span class='ocrx_word' id='word_1_308' title='bbox 1224 4223 1260 4264; x_wconf 76' lang='grc'><strong>00</strong></span> <span class='ocrx_word' id='word_1_309' title='bbox 1359 4222 1363 4227; x_wconf 86' lang='grc'>’</span> 
     </span>
    </p>
   </div>
   <div class='ocr_carea' id='block_1_7' title="bbox 133 4293 1264 4524">
    <p class='ocr_par' dir='ltr' id='par_1_10' title="bbox 133 4293 1264 4524">
     <span class='ocr_line' id='line_1_36' title="bbox 134 4293 1264 4366; baseline -0.001 -17"><span class='ocrx_word' id='word_1_310' title='bbox 134 4297 342 4350; x_wconf 81' lang='lat' dir='ltr'><strong>oontnemeueunt</strong></span> <span class='ocrx_word' id='word_1_311' title='bbox 359 4296 388 4350; x_wconf 93' lang='lat' dir='ltr'><strong><em>A</em></strong></span> <span class='ocrx_word' id='word_1_312' title='bbox 404 4309 475 4352; x_wconf 85' lang='grc'>0000.</span> <span class='ocrx_word' id='word_1_313' title='bbox 486 4311 522 4352; x_wconf 88' lang='lat' dir='ltr'><strong>m.</strong></span> <span class='ocrx_word' id='word_1_314' title='bbox 535 4302 589 4351; x_wconf 81' lang='grc'>000.</span> <span class='ocrx_word' id='word_1_315' title='bbox 606 4297 672 4352; x_wconf 79' lang='lat' dir='ltr'><strong>item</strong></span> <span class='ocrx_word' id='word_1_316' title='bbox 683 4297 769 4365; x_wconf 76' lang='grc'>000010</span> <span class='ocrx_word' id='word_1_317' title='bbox 782 4301 848 4366; x_wconf 81' lang='lat' dir='ltr'><strong>poet</strong></span> <span class='ocrx_word' id='word_1_318' title='bbox 859 4297 902 4354; x_wconf 80' lang='lat' dir='ltr'><strong>tin</strong></span> <span class='ocrx_word' id='word_1_319' title='bbox 1004 4294 1038 4350; x_wconf 74' lang='lat'><strong>22</strong></span> <span class='ocrx_word' id='word_1_320' title='bbox 1055 4293 1264 4366; x_wconf 71' lang='lat' dir='ltr'><strong>niquieooumne</strong></span> 
     </span>
     <span class='ocr_line' id='line_1_37' title="bbox 133 4379 1259 4448; baseline 0.003 -16"><span class='ocrx_word' id='word_1_321' title='bbox 133 4393 178 4434; x_wconf 84' lang='lat' dir='ltr'><strong>nee</strong></span> <span class='ocrx_word' id='word_1_322' title='bbox 198 4381 410 4437; x_wconf 77' lang='lat' dir='ltr'><strong>oontnedioomuu</strong></span> <span class='ocrx_word' id='word_1_323' title='bbox 434 4395 634 4438; x_wconf 77' lang='lat' dir='ltr'><strong>em-eueemnu</strong></span> <span class='ocrx_word' id='word_1_324' title='bbox 657 4381 849 4440; x_wconf 79' lang='lat' dir='ltr'><strong>et-nionmnr</strong></span> <span class='ocrx_word' id='word_1_325' title='bbox 866 4384 895 4439; x_wconf 83' lang='lat' dir='ltr'><strong><em>A</em></strong></span> <span class='ocrx_word' id='word_1_326' title='bbox 911 4393 1118 4448; x_wconf 58' lang='grc'>0000010000</span> <span class='ocrx_word' id='word_1_327' title='bbox 1141 4379 1259 4437; x_wconf 78' lang='grc'>1100011</span> 
     </span>
     <span class='ocr_line' id='line_1_38' title="bbox 133 4465 437 4524; baseline 0.013 -5"><span class='ocrx_word' id='word_1_328' title='bbox 133 4465 247 4523; x_wconf 76' lang='lat' dir='ltr'><strong>hominio</strong></span> <span class='ocrx_word' id='word_1_329' title='bbox 264 4467 437 4524; x_wconf 73' lang='lat' dir='ltr'><strong>eunomium</strong></span> 
     </span>
    </p>
   </div>
   <div class='ocr_carea' id='block_1_8' title="bbox 180 4571 1154 4628">
    <p class='ocr_par' dir='ltr' id='par_1_11' title="bbox 180 4571 1154 4628">
     <span class='ocr_line' id='line_1_39' title="bbox 180 4571 1154 4628; baseline -0.002 0"><span class='ocrx_word' id='word_1_330' title='bbox 180 4571 261 4628; x_wconf 78' lang='lat' dir='ltr'><strong>Vm</strong></span> <span class='ocrx_word' id='word_1_331' title='bbox 628 4589 630 4596; x_wconf 86' lang='grc'><strong>’</strong></span> <span class='ocrx_word' id='word_1_332' title='bbox 1138 4574 1154 4626; x_wconf 82' lang='grc'><strong>5</strong></span> 
     </span>
    </p>
   </div>
   <div class='ocr_carea' id='block_1_9' title="bbox 0 0 1572 5098">
    <p class='ocr_par' dir='ltr' id='par_1_12' title="bbox 0 0 1572 5098">
     <span class='ocr_line' id='line_1_40' title="bbox 0 0 1572 5098; baseline 0 1"><span class='ocrx_word' id='word_1_333' title='bbox 0 0 1572 5098; x_wconf 95' lang='lat' dir='ltr'><strong> </strong></span> 
     </span>
    </p>
   </div>
  </div>
 </body>
</html>
