3178 5100
732 467 893 523 Saluiani

620 1171 1011 1284 TlMOTlllll

437 1407 511 1506 AD
557 1403 867 1506 hoonllslnlo
909 1404 1057 1504 LIBRI
1102 1403 1199 1504 llll.

741 1655 895 1664 -ψ-ᾳ

691 1821 888 1905 LIBER
921 1823 948 1904 I.

228 2040 245 2105 1
298 2031 325 2094 Ι.
359 2029 541 2095 Timotheus
575 2027 725 2094 minimus
759 2047 920 2094 seruorum
952 2029 1001 2093 dei
1033 2029 1184 2094 ecelesiae
1213 2029 1389 2094 catholicae
1508 2067 1516 2082 ·

256 2138 322 2200 toto
345 2136 418 2199 orhe
440 2133 586 2198 diffusae:
618 2132 719 2216 gratia
748 2133 808 2197 tihi
830 2137 862 2197 et
884 2151 943 2216 pax
973 2134 1071 2197 adeo
1101 2136 1189 2216 petre
1219 2133 1324 2198 nostro
1357 2135 1431 2198 ets

258 2237 382 2304 Christo
405 2238 476 2302 Iesu
500 2238 624 2302 domino
646 2239 752 2302 nostro
776 2254 846 2300 curn
871 2238 983 2318 spiritu
1006 2241 1121 2302 sancto.
1156 2235 1269 2301 Amen.

300 2361 388 2424 Inter
418 2360 535 2424 ceteros
567 2377 678 2440 graues
709 2361 802 2439 atque
825 2356 1003 2422 mortiferos
1027 2357 1160 2421 exitialis
1190 2357 1391 2439 pestilentiae

257 2465 391 2545 morbos,
422 2481 497 2545 quos
528 2461 588 2527 tihi
620 2461 856 2543 antiquissimus
887 2459 941 2526 ille
964 2478 999 2525 ec
1023 2460 1228 2525 fetidissimus
1260 2477 1391 2542 serpens

257 2568 443 2651 grauissima
477 2566 619 2631 letiferae
653 2564 870 2630 aemulationis
903 2564 1025 2629 inuidia
1059 2565 1090 2628 et
1119 2563 1301 2630 taeterrimo
1331 2561 1391 2628 illo

258 2671 355 2735 uirosi
379 2671 440 2734 oris
463 2671 575 2752 spiritu
598 2670 708 2752 inalat,
738 2669 843 2733 nescio
866 2687 905 2732 an
928 2669 1013 2733 ullus
1036 2670 1069 2733 te
1091 2668 1248 2733 acerbiore
1270 2666 1437 2736 anima-m

259 2793 329 2838 rum
351 2772 489 2837 fidelium
512 2775 600 2855 peste
615 2777 647 2836 et
663 2772 808 2837 taetriore
829 2771 968 2836 filiorum
991 2775 1117 2837 tuorum
1139 2771 1211 2836 labe
1235 2770 1393 2853 conficiat,

260 2895 354 2958 quam
378 2877 458 2958 quod
481 2875 621 2959 plerique
644 2877 765 2940 ortuis
787 2895 897 2960 parurn
922 2877 1114 2954 existimant,
1139 2877 1168 2940 si
1190 2877 1223 2940 in
1245 2874 1304 2939 hae
1326 2873 1396 2937 uita

260 2980 353 3047 rebus
377 2980 437 3044 sibi
463 2979 502 3044 ad
525 2997 601 3062 opus
629 2984 772 3044 sanctum
796 2982 893 3045 adeo
922 2981 1049 3044 traditis
1073 2980 1140 3044 sine
1169 2979 1274 3044 fructu
1297 2978 1395 3042 mise·

260 3083 411 3149 ricordiae
434 3086 528 3166 atque
550 3083 760 3148 humanitatis
781 3084 977 3167 incumbant,
1004 3084 1065 3149 nisi
1088 3082 1265 3160 auaritiam,
1288 3081 1320 3146 id
1344 3082 1398 3145 est

262 3188 428 3252 idolatriae
458 3188 659 3267 seruitutem,
690 3186 787 3251 etiarn
810 3187 844 3251 in
866 3186 974 3252 futura
1002 3188 1228 3269 postmortem
1251 3187 1442 3266 temporam

365 3445 612 3463 NNN

312 3461 825 3530 31u0p3u1e÷nn1n÷A‚om.B
928 3461 1079 3516 4ecleeiae
1103 3461 1130 3515 A
1234 3459 1335 3514 derbe
1358 3458 1398 3524 A,

261 3548 334 3618 qaod
352 3548 497 3602 Halmium
518 3550 605 3619 sapit:
632 3549 690 3603 orbi
714 3550 742 3603 B
844 3565 860 3602 a
877 3548 911 3602 do
929 3550 1007 3617 patre
1025 3549 1053 3602 A
1076 3547 1149 3617 qaod
1170 3549 1233 3601 item
1249 3547 1402 3600 Halmium

261 3634 344 3703 sapit,
369 3650 385 3687 a
402 3637 479 3702 patre
496 3634 524 3687 B
623 3636 640 3688 6
657 3640 717 3703 poet
734 3650 811 3688 amen
829 3635 910 3688 habet
927 3634 968 3689 B:
992 3639 1078 3688 rucr'n.
1097 3637 1277 3689 sinemurus
1296 3631 1401 3699 (Timo-

262 3721 474 3776 theus—Amen
502 3736 552 3775 om.
573 3737 594 3790 p
622 3727 647 3775 et
671 3736 723 3790 pro
745 3721 787 3774 hie
809 3721 881 3775 hamc
903 3720 984 3774 habet
1007 3720 1230 3788 inscriptionem:
1259 3719 1400 3773 Timothei

263 3805 380 3874 episcopi
403 3806 437 3858 ed
460 3806 600 3860 ecclesiam
624 3806 784 3861 catholicam
807 3808 865 3860 toto
889 3805 951 3860 orbe
975 3805 1099 3860 diffusam
1124 3806 1192 3860 liber
1212 3806 1326 3876 primus)

262 3895 280 3948 8
298 3893 476 3948 fetidissimus
494 3894 563 3948 AB:
589 3893 784 3948 foetidissimus
802 3893 864 3947 edd.
957 3893 974 3946 9
992 3893 1119 3948 liduiierae
1137 3909 1157 3946 e.
1171 3908 1222 3948 ser.
1241 3895 1308 3946 m2
1334 3891 1404 3945 leti-

264 3981 334 4034 ferae
359 3982 388 4035 B
500 3980 641 4034 teterrimo
666 3985 708 4043 (at
723 3981 810 4048 paulo
826 3986 890 4050 post
908 3981 1028 4048 tetriore)
1055 3981 1110 4033 AB
1232 3980 1266 4034 10
1292 3977 1405 4033 inhalat

264 4067 319 4121 AB
424 4067 498 4120 ullus
516 4067 629 4135 scripsi:
655 4067 712 4120 ulla
730 4066 786 4119 AB
804 4067 855 4132 cfr.
874 4065 1026 4123 Sita-Ber.
1041 4081 1072 4134 p.
1087 4069 1123 4119 34
1227 4064 1258 4118 11
1277 4064 1403 4119 fidelium

265 4152 479 4206 Ritterehueiae:
503 4151 651 4205 infidelium
670 4153 726 4206 AB
817 4152 850 4206 12
868 4152 1023 4204 existimant
1041 4151 1189 4206 Barcaeo:
1214 4151 1406 4206 existimantes

265 4237 321 4292 AB
341 4239 416 4304 (sort.
435 4240 513 4293 scrib.
532 4255 561 4292 er
580 4241 636 4293 tuis
650 4237 736 4311 (sint)
754 4254 780 4307 p.
799 4238 996 4302 existimantem
1015 4238 1068 4304 cfr.
1087 4237 1121 4291 de
1132 4238 1194 4306 pub.
1214 4236 1261 4290 dei
1275 4233 1408 4292 V1134=

266 4323 326 4392 quis
349 4327 392 4377 est
414 4342 467 4379 non
491 4327 531 4380 ita
552 4326 642 4380 dicens
659 4324 831 4378 ...sentiens
846 4327 961 4395 ..quie
976 4339 1084 4378 ...non
1108 4323 1300 4392 blasphemat?
1327 4323 1409 4382 adde

267 4409 323 4463 III
332 4413 374 4464 52.
388 4413 431 4476 55,
445 4411 525 4465 IIII
533 4415 583 4476 24)
671 4412 704 4464 13
715 4411 825 4465 traditis
835 4425 865 4478 p,
878 4411 987 4478 ataid,
1001 4416 1028 4465 ct
1040 4410 1115 4465 edd:
1133 4409 1263 4464 traditum
1276 4409 1332 4463 AB
