3134 5098
272 473 316 544 62
538 473 697 529 Seluieui
714 472 753 528 de
769 472 907 542 gubern„
925 471 980 528 dei
996 470 1043 528 111
1060 476 1076 538 5
1093 471 1135 527 60.

270 683 332 750 quo
352 664 392 730 iil
412 667 450 730 ui
471 662 569 730 olium
590 680 663 743 uos,
694 663 750 746 qui
771 660 940 728 Christiani
968 680 1034 728 esse
1056 661 1205 740 dicimur,
1233 663 1400 746 perdemus

219 767 338 836 oouim
359 765 443 833 deuii
464 766 600 832 mominis
621 763 700 832 uilio
722 764 899 849 prouidslis
932 764 1013 830 nihil
1033 765 1120 832 euim
1134 765 1261 830 omuiuo
1275 765 1401 848 prodest

271 883 383 936 nomeu
410 872 554 936 sonetum
581 869 695 935 hebere
717 867 785 934 siue
807 865 964 945 moribus,
987 869 1062 953 quio
1082 866 1151 934 uiis
1172 885 1192 933 a
1211 868 1400 953 professione

271 972 447 1040 discordans
481 973 612 1059 abroget
643 971 787 1037 inlustris
818 969 908 1038 tituli
938 971 1086 1037 honorem
1113 990 1170 1054 per
1198 970 1400 1056 indignorum

271 1077 398 1142 semum
433 1074 600 1142 uiliiolem.
642 1075 726 1140 uude
759 1093 833 1139 oum
864 1092 961 1157 peeue
992 1074 1115 1141 nullom
1148 1072 1433 1140 Christianorum

270 1178 411 1244 omnium
433 1181 574 1263 purtem,
596 1196 694 1262 posue
716 1177 841 1243 uullum
863 1177 1066 1244 eoelesisrum
1086 1179 1226 1246 omnium
1249 1178 1401 1262 angulum

270 1299 332 1348 uon
353 1281 483 1366 plenum
506 1282 593 1348 omui
615 1281 781 1347 offensione
796 1280 928 1346 edomui
950 1281 1095 1347 letalium
1109 1285 1308 1365 peooolorum
1329 1281 1399 1346 labe

269 1384 442 1466 uideamus,
465 1385 541 1468 quid
563 1387 627 1466 est,
648 1387 683 1451 iu
704 1404 765 1470 quo
786 1386 877 1452 uobis
899 1387 938 1452 do
960 1385 1138 1453 Ohrisliuuo
1160 1387 1286 1452 uomiue
1308 1384 1399 1450 blun-

269 1488 402 1572 diomur,
426 1504 499 1554 oum
521 1489 630 1572 utique
653 1488 712 1556 hoo
732 1489 802 1572 ipso
823 1488 926 1574 magis
949 1508 1004 1572 per
1021 1507 1136 1556 uomsu
1150 1489 1400 1556 odoratissimum

268 1592 315 1656 rei
337 1591 444 1672 simus,
467 1593 542 1675 quio
562 1610 581 1657 a
602 1595 711 1658 ssuoio
733 1593 859 1658 nomine
881 1591 1113 1681 diserepomus3
1140 1612 1214 1660 uem
1237 1592 1306 1658 ideo
1327 1591 1433 1675 pluso

269 1694 327 1762 sub
354 1695 515 1780 roligionis
542 1694 639 1762 titulo
668 1694 761 1762 deum
783 1695 953 1780 laedimus,
983 1697 1056 1780 quis
1077 1696 1172 1783 posili
1193 1697 1227 1763 iu
1248 1695 1399 1782 religione

267 1816 442 1882 poseamus.

322 2073 336 2128 1
360 2073 408 2144 qui
430 2089 484 2128 uou
503 2071 671 2130 christianos
693 2089 750 2128 esse
776 2072 890 2130 dicimus
912 2075 941 2130 Β
968 2075 1015 2145 qui
1033 2075 1202 2132 Christianos
1220 2073 1279 2143 (eod
1295 2091 1312 2132 o
1329 2080 1398 2132 mut.

268 2159 301 2214 io
318 2158 330 2212 i
347 2165 373 2215 et
390 2176 403 2214 s
417 2161 528 2230 ponet.)
545 2176 603 2216 osso
614 2159 729 2216 dicimur
745 2163 773 2216 A
861 2162 879 2217 2
896 2161 1004 2219 omniuo
1015 2163 1088 2218 euim
1100 2163 1172 2218 nihil
1188 2163 1217 2218 Β
1303 2163 1321 2216 5
1338 2175 1399 2216 oum

269 2259 320 2301 om.
337 2244 365 2300 A
467 2245 644 2302 'liodoalium
667 2249 695 2303 A
798 2247 833 2304 10
854 2257 946 2304 semoto
963 2250 992 2305 Β
1009 2251 1066 2308 sl.
1170 2265 1233 2305 uum
1250 2251 1279 2304 e'o
1300 2247 1329 2303 Β

269 2333 304 2386 11
325 2331 441 2388 lodimus
464 2349 499 2390 eo
520 2333 641 2390 ludimus
663 2336 697 2390 in
712 2351 730 2391 o
748 2349 818 2392 eon.
842 2336 1045 2392 Brasss‘eomss:
1071 2335 1209 2392 leudemus
1227 2337 1255 2392 A
1280 2333 1399 2392 ludimus

268 2419 297 2474 Β
315 2420 359 2487 (ios
373 2421 520 2492 moleoype
537 2420 565 2476 A
583 2421 642 2478 ood.
658 2421 747 2489 foisse
765 2424 891 2492 mpioor
906 2423 1041 2478 leodimus
1056 2439 1080 2479 s.
1091 2439 1145 2480 sor.
1162 2439 1177 2477 e
1193 2422 1232 2479 lio.
1250 2437 1321 2494 quoue
1338 2423 1399 2479 sole

269 2506 413 2564 sueonos
427 2507 485 2575 foll
502 2523 553 2578 pro
570 2525 589 2563 u
605 2506 655 2563 ssd
671 2508 742 2564 nale
759 2509 914 2578 ponebatur
931 2526 979 2580 pro
997 2510 1020 2578 i)
1124 2510 1157 2566 12
1174 2514 1239 2580 post
1259 2525 1399 2578 possumus

268 2596 350 2650 uum.
368 2597 425 2650 uus.
443 2607 490 2650 m.
517 2609 625 2652 nouum
642 2609 727 2652 umus
745 2601 806 2665 (om.
825 2596 863 2666 Β)
890 2609 1017 2656 oomuus
1033 2595 1090 2652 AB
