3178 5100
541 457 580 512 ad
598 457 777 512 eeclesiam
800 456 829 512 Π
851 455 961 522 §3-9.
1251 455 1314 522 247

184 651 309 718 differat
337 666 451 732 genere
479 665 658 730 poenuuru,
688 647 826 712 multum
855 647 964 710 tanuen
994 643 1092 710 distet
1117 662 1243 711 neeesse
1266 647 1313 710 est

101 751 104 756 ’
185 754 369 820 diuersitate
390 751 588 836 patientium.
618 752 672 816 sed
694 750 825 816 forsitan
848 748 927 814 diois
942 748 1086 832 generale
1110 749 1143 814 in
1164 749 1214 813 his
1237 767 1314 831 quae

186 859 320 925 diximus
345 857 485 924 omnium
508 855 670 920 hominum
685 873 751 920 esse
767 855 908 920 debitum
923 857 956 918 et
973 853 1007 917 in
1020 853 1079 917 lroo
1093 851 1314 918 uniuersorum

184 962 348 1029 hominum
366 977 464 1044 genus
485 959 654 1024 indisereta
670 957 847 1024 obnoxium.
878 975 990 1022 uerum
1005 957 1063 1023 est.
1094 959 1146 1021 sed
1162 953 1344 1038 numquid?

166 1067 298 1148 saliquis
331 1065 398 1130 ideo
432 1061 535 1128 minen
568 1061 671 1140 debet,
687 1093 688 1100 1
705 1062 733 1128 si
761 1065 793 1126 et
821 1061 902 1126 alius
930 1061 1014 1125 idem
1043 1060 1178 1124 debeat?
1211 1059 1316 1123 autel

185 1172 311 1235 eentum
334 1167 499 1232 hominum
521 1166 679 1231 oautiones
695 1166 733 1230 de
750 1164 891 1231 nantonis
914 1163 1067 1229 sestertiis
1083 1162 1218 1244 soriptue
1241 1165 1316 1246 sint,

185 1291 260 1339 uum
289 1271 405 1338 ideireo
432 1271 599 1336 adleuatur
619 1269 713 1334 unius
734 1267 889 1346 debitum,
910 1268 939 1333 si
960 1285 1068 1332 omnes
1090 1266 1154 1331 sint
1176 1265 1315 1332 eiusdem

186 1376 309 1440 numeri
336 1375 514 1440 debitores?
551 1392 649 1438 unus
678 1372 847 1456 quisque
870 1373 990 1451 enim,
1018 1365 1122 1453 inquit
1144 1368 1315 1452 apostolus,

186 1498 296 1544 suurn
329 1497 423 1544 onus
456 1477 636 1560 portabit
670 1479 703 1542 et
735 1495 816 1542 unus
848 1475 978 1559 quisque
1012 1491 1067 1556 pro
1096 1493 1129 1539 se
1160 1474 1315 1538 rationem

152 1611 177 1651 ιο
185 1582 319 1648 reddet-
353 1599 550 1665 nequaquam
586 1600 659 1666 ergo
695 1581 787 1646 unius
824 1581 944 1664 pondus
980 1580 1116 1663 pondero
1152 1579 1317 1644 adleuatnr

186 1685 316 1752 ulterius
346 1703 402 1752 nec
428 1684 603 1751 absoluitur
629 1704 700 1750 reus
727 1685 879 1750 sotietate
908 1683 1091 1748 multorum.
1127 1699 1227 1764 neque
1248 1681 1317 1746 ideo

186 1787 291 1855 miuus
321 1793 371 1854 est
400 1788 531 1854 uuilibet
560 1791 661 1854 taetra
683 1788 854 1867 damnatio,
884 1787 913 1852 si
935 1787 1052 1852 multos
1075 1783 1219 1850 udeatur
1243 1801 1317 1848 oon·

185 1891 284 1975 plioes
304 1911 419 1975 poenae
441 1893 555 1958 habere
578 1892 753 1957 damnatus.
784 1891 831 1957 itu
845 1891 914 1972 hoo,
936 1893 1018 1973 quod
1033 1905 1128 1972 supra
1149 1888 1222 1965 dixi,
1244 1885 1349 1950 lieet8

185 1997 333 2080 generale
353 1997 396 2061 sit
418 1995 569 2073 debitum,
593 1998 625 2060 et
647 1996 782 2078 speoiale
807 2001 910 2060 tamen
925 2013 991 2059 esse
1011 2012 1074 2059 non
1097 1991 1229 2058 dubium
1252 1990 1318 2068 est;

152 2100 260 2168 1elioet
284 2101 326 2164 sit
348 2117 512 2165 oommnne
533 2099 684 2181 omnium,
708 2099 877 2164 esttamen
892 2096 1093 2180 peculiariter
1108 2096 1318 2178 singulorum

73 2198 88 2235 ⁴
186 2204 233 2270 ita
255 2202 295 2270 ad
317 2221 422 2268 omnes
445 2204 618 2286 aequaliter
639 2203 793 2286 peruenit,
817 2203 899 2284 quod
921 2204 1028 2267 umen
1047 2201 1085 2266 de
1100 2219 1225 2266 summa
1246 2199 1318 2268 uni-

188 2307 299 2390 uuique
328 2307 375 2372 nil
402 2309 529 2372 recedit.
567 2306 711 2372 Christus
742 2307 825 2370 enim
854 2305 938 2370 sieut
961 2322 1018 2386 pro
1040 2301 1184 2368 omnibus
1206 2319 1319 2385 passus

187 2411 236 2474 est
257 2409 305 2476 sio
326 2429 382 2494 pro
403 2411 595 2494 siuguliset
617 2409 739 2475 eunetis
761 2427 795 2474 se
820 2408 963 2490 inpendit
989 2409 1108 2491 pariter
1130 2407 1163 2472 et
1186 2405 1318 2489 singulis

187 2518 219 2578 et
248 2517 353 2579 totum
381 2531 414 2580 se
442 2514 531 2580 dedit
564 2513 720 2579 uniuersis
743 2515 775 2578 et
804 2513 908 2578 totum
941 2510 1090 2595 siugulis3
1126 2527 1163 2574 ao
1184 2527 1238 2594 per
1261 2510 1320 2574 hoo

153 2615 340 2699 equoque
361 2617 505 2700 passione
520 2635 578 2682 sua
592 2617 732 2682 solenter
750 2616 919 2699 praestitit,
942 2614 1025 2680 sieut
1039 2615 1144 2679 totum
1160 2613 1188 2677 ei
1203 2611 1319 2677 debent

187 2720 326 2786 uniuersi
354 2720 402 2786 eie
432 2721 535 2787 toturn
565 2721 692 2804 singuli,
723 2720 790 2784 nisi
811 2718 893 2802 quud
916 2737 1010 2802 prope
1032 2719 1090 2782 hoe
1110 2717 1181 2800 plus
1203 2713 1320 2799 singuli

188 2823 455 2903 enundinaret
479 2823 560 2906 quod
582 2825 711 2888 unium
733 2824 917 2904 aooeperunt
939 2819 1055 2904 singuli
1071 2822 1225 2902 quantum
1238 2819 1319 2883 uni-

186 2925 282 2992 uersi.
320 2926 375 2992 ubi
398 2928 483 2992 enim
504 2927 563 2992 hoo
585 2945 666 2992 unus
690 2926 806 3009 wolpit
828 2928 909 3008 quod
931 2924 1081 3006 uniuersi,
1111 2922 1169 2989 atsi
1191 2941 1248 3005 par
1271 2923 1319 2986 est

186 3045 344 3107 mensura,
373 3030 474 3096 maior
500 3028 623 3096 inuidia
644 3030 700 3094 est.
739 3046 800 3112 quo
822 3029 860 3093 fit
884 3032 932 3109 ut,
953 3028 1029 3094 linet
1049 3029 1154 3111 ipsum
1176 3024 1318 3108 aooipiat,

150 3155 177 3198 ee
186 3131 259 3213 plue
273 3131 382 3198 debere
405 3133 563 3212 uideatur,
586 3132 662 3215 quia
675 3130 778 3214 magis
792 3131 828 3197 fit
843 3149 924 3196 unus
938 3130 1096 3208 obnoxius,
1120 3128 1175 3212 qui
1190 3127 1318 3197 uidetur

187 3233 335 3303 omuibus
356 3239 557 3318 respersus„
591 3235 670 3302 haee
697 3253 769 3318 ergo
785 3234 957 3313 .haetenue‚
987 3234 1061 3316 quia
1082 3231 1317 3298 debitoresdeo

188 3337 318 3418 quidam
341 3343 520 3408 sanetorum
543 3355 609 3405 esee
630 3356 662 3403 se
677 3355 740 3402 non
762 3340 885 3420 putant,
909 3355 981 3402 eum
996 3335 1138 3402 debitum
1152 3333 1318 3400 aestimare

188 3457 250 3504 non
275 3439 406 3524 possint.

231 3559 290 3624 llI.
325 3557 383 3624 Sed
413 3559 490 3624 dicit
520 3559 652 3625 sonasse
681 3557 804 3641 uliquis,
835 3575 896 3622 non
926 3557 1053 3639 quidem
1080 3556 1236 3621 debitores
1258 3557 1351 3624 non9

149 3679 264 3730 suessa·
281 3667 426 3746 sanatos„
441 3665 499 3728 sed
527 3663 640 3727 multo·
655 3664 761 3727 tamon
785 3661 906 3728 maiora
927 3659 1090 3727 hominum
1113 3655 1321 3759 eaenularium

207 3947 209 3952 ,
293 3864 465 3931 adelae

240 4051 443 4122 tpatientiunr
464 4067 500 4120 p:
528 4051 678 4121 patientem
697 4057 794 4120 pamel.
818 4067 832 4106 e
856 4051 905 4106 ult.
928 4050 987 4121 eya
1003 4055 1036 4106 ‘et
1058 4065 1079 4104 e.
1099 4061 1149 4103 eor.
1167 4044 1240 4102 ua't’
1258 4063 1276 4101 u
1293 4048 1321 4101 A

186 4137 384 4208 patientumB
476 4138 721 4193 forsitam-tum
732 4153 800 4193 sorr.
813 4138 953 4192 raeuraA
1050 4134 1273 4190 6111111111111ι

188 4225 224 4279 10
245 4223 379 4280 adsuatur
391 4239 473 4280 eurr.
495 4236 600 4279 ruem
616 4223 644 4277 A
666 4239 701 4278 ea
724 4223 878 4291 alienetur,
903 4219 978 4294 quod
996 4223 1086 4292 paulo
1103 4213 1168 4278 aree
1184 4215 1322 4278 naason

186 4311 317 4366 retinam
333 4313 374 4366 111
406 4329 408 4341 ·
447 4313 450 4340 ³
477 4309 667 4376 Ι1211111111111111
685 4309 713 4364 Β
807 4310 842 4364 14
858 4313 888 4364 et
904 4324 954 4364 om.
973 4309 1001 4363 B
1097 4307 1132 4362 dd
1148 4307 1280 4378 quioquid
1294 4307 1322 4362 Β

187 4403 219 4452 ut
237 4396 298 4462 fere
314 4411 418 4466 semper
520 4395 555 4450 24
573 4398 615 4451 est
631 4395 736 4450 inuidia
755 4400 825 4462 (uon
843 4396 870 4464 b)
888 4394 929 4450 ed.
947 4395 1086 4450 Botuziae
1146 4389 1163 4436 ἵ.
1190 4385 1194 4422 ³
1275 4385 1277 4390 ’
