3178 5100
268 447 333 513 226
757 439 911 496 sarciens

239 636 422 703 borescens.
457 635 511 701 nbi
540 635 624 699 onim
655 638 702 698 est
729 633 786 698 illa
808 649 893 697 nnnc
916 631 1029 697 eximia
1050 629 1150 696 forma
1172 631 1228 696 tna
1250 634 1281 696 et
1303 631 1401 696 totius

269 740 406 820 corporis
429 737 652 820 pulchritudo?
685 737 739 802 nbi
761 736 843 800 illud
865 736 904 799 de
926 735 1011 800 uiuis
1033 735 1206 800 uirtutibus
1231 734 1297 798 tuis
1317 734 1400 799 diui-

269 845 379 908 norum
402 842 526 923 apicum
556 840 773 905 testimonium
799 839 923 904 dicens:
955 838 1239 903 multitudinis
1268 842 1401 903 autem

269 945 513 1010 credentium
543 948 629 1009 erat
659 961 724 1009 cor
747 943 939 1008 stenima
967 961 1055 1022 una,
1085 946 1125 1006 et
1156 960 1264 1006 nemo
1294 943 1400 1024 quic-

268 1065 380 1129 quam
408 1067 453 1111 ex
483 1065 525 1111 eo
558 1047 660 1128 qnod
692 1043 929 1128 possidebat
963 1063 1072 1108 sunm
1107 1061 1191 1107 esse
1225 1045 1437 1110 dicebats

267 1151 356 1214 cuius
379 1153 417 1213 tu
437 1169 527 1230 nunc,
551 1169 569 1215 o
589 1150 677 1214 dolor
692 1167 728 1213 ao
743 1149 943 1213 lamentatio!
965 1147 1133 1212 lectionem
1154 1152 1281 1212 tantum
1304 1149 1400 1214 hahes

268 1253 421 1317 uirtutem
442 1269 504 1318 non
526 1252 632 1330 hahes,
660 1252 770 1333 cuique
792 1251 829 1315 tu
862 1251 993 1316 scientia
1026 1252 1151 1314 tanturn
1181 1252 1295 1315 interes
1327 1269 1401 1318 oon·

238 1357 398 1430 sscientie
431 1357 513 1422 abes.
552 1358 688 1421 maxima
710 1357 825 1438 qnippe
857 1372 940 1419 nunc
968 1353 1106 1418 filiorum
1140 1358 1267 1420 tuorum
1299 1355 1401 1438 portio

268 1461 500 1526 mortiferarum
524 1478 628 1524 rerum
651 1458 839 1542 negotiatrix
862 1458 911 1522 est
932 1458 1132 1540 propolisque
1154 1461 1185 1523 et
1207 1459 1400 1542 cauponibus

268 1549 383 1629 similis
415 1565 556 1645 terrenis,
589 1563 688 1627 immo
721 1561 878 1637 tartareis,
912 1561 1061 1643 perituris
1088 1562 1184 1626 simul
1214 1565 1307 1645 atqu
1328 1581 1438 1643 per-ro

269 1666 418 1758 dentibus
442 1665 549 1730 studet
571 1663 729 1729 nundinis.
759 1664 847 1729 lucro
870 1663 954 1729 enim
974 1667 1124 1746 pecuniae
1142 1666 1291 1730 damnum
1313 1667 1400 1730 uitae
1515 1723 1519 1730 .

269 1757 415 1845 ementes}
439 1773 476 1833 nt
498 1769 664 1851 adquirant
679 1787 757 1851 quae
773 1786 835 1832 non
850 1770 925 1832 sunt
946 1787 1010 1846 sna,
1035 1769 1206 1852 prodigunt
1224 1787 1303 1851 quae
1326 1774 1402 1834 sunt

268 1889 333 1954 suc,
367 1875 553 1938 mandantes
587 1876 688 1937 terrae
721 1872 883 1937 thesauros
917 1873 1075 1937 luctuosos
1110 1872 1272 1938 heredibus
1306 1873 1401 1938 breue

268 1979 419 2060 gaudium
446 1967 627 2040 auctoribus
657 1975 789 2059 longum
818 1993 991 2040 maerorem
1020 1976 1187 2054 adlaturos,
1221 1977 1401 2042 fraudantes

267 2098 328 2144 usu
357 2096 465 2144 rerum
493 2078 706 2162 praesentium
733 2080 801 2143 tarn
832 2078 909 2142 alios
936 2097 1030 2160 quam
1053 2097 1086 2143 se
1109 2081 1203 2164 ipsos,
1233 2083 1399 2146 tondentes
1413 2107 1437 2147 ιθ

268 2183 430 2266 profundis
464 2182 609 2264 specibus
643 2181 785 2246 infernas
815 2198 897 2264 opes,
931 2182 1027 2245 simul
1057 2183 1224 2263 pecuniam
1253 2201 1341 2248 suam
1364 2201 1402 2248 ao

268 2303 358 2368 spem
387 2305 476 2350 suam
506 2283 694 2350 infodientes
718 2285 891 2349 secundum
913 2284 995 2349 illud
1017 2285 1137 2350 scilicet
1160 2286 1278 2351 domini
1300 2289 1401 2353 nostri

269 2392 404 2468 dictum,
439 2409 498 2474 quo
528 2388 590 2456 ait:
624 2389 693 2454 ubi
723 2389 848 2454 fuerit
871 2388 1084 2454 thesaurus
1107 2392 1214 2468 tuns,
1243 2390 1299 2456 ibi
1322 2393 1402 2456 erit

239 2498 257 2562 7
269 2499 309 2560 et
339 2499 547 2560 cortuum.
581 2494 725 2558 inuident
756 2493 861 2576 itaque
889 2493 987 2558 saluti
1014 2511 1088 2559 suae
1118 2494 1300 2577 animasque
1328 2513 1402 2578 pro-

267 2600 362 2680 prias,
376 2617 463 2680 ¹quae
478 2596 629 2662 uocantur
644 2597 682 2660 ad
705 2596 835 2675 caelum,
859 2596 991 2660 terrenis
1013 2597 1203 2678 ponderibus
1225 2598 1259 2662 in
1281 2603 1437 2664 terrama

268 2705 423 2784 premunt.
455 2719 542 2765 mens
564 2699 648 2765 enim
670 2698 914 2764 thesaurizantis
937 2700 1123 2764 thesaurum
1145 2719 1237 2766 snum
1259 2702 1402 2783 sequitur

269 2805 301 2868 et
327 2804 418 2886 quasi
446 2803 480 2867 in
509 2803 656 2868 naturam
689 2801 849 2867 terrestris
883 2802 1078 2867 substantiae
1113 2803 1310 2882 demutatur,
1344 2824 1403 2870 nec

269 2906 371 2971 solum
399 2925 483 2971 nunc
516 2905 569 2972 sed
596 2907 692 2972 etiam
723 2906 759 2971 in
780 2906 885 2970 futuro
908 2906 1001 2987 atoue
1023 2909 1184 2988 perpetuo.
1222 2925 1295 2972 nam
1318 2925 1402 2990 cum,

268 3011 305 3073 ut
327 3010 480 3091 scriptum
508 3013 566 3087 est,
595 3013 667 3075 ante
696 3011 857 3074 hominem
885 3011 954 3074 nita
976 3009 1094 3090 pariter
1116 3029 1152 3074 ac
1174 3027 1256 3074 mors
1279 3012 1344 3075 sint
1368 3015 1401 3075 et

269 3111 309 3177 ad
338 3115 419 3194 quod
453 3113 524 3176 uult
557 3131 685 3178 manum
715 3111 865 3195 porrigat,
899 3131 1023 3176 necesse
1053 3117 1101 3176 est
1122 3132 1160 3177 ee
1189 3114 1438 3197 unusquisqueas

269 3215 433 3281 hominum
455 3217 488 3281 in
510 3217 696 3281 aeternitate
726 3216 898 3298 possideat,
930 3235 1009 3298 quae
1031 3216 1083 3281 hic
1112 3217 1203 3298 quasi
1226 3236 1320 3282 manu
1344 3236 1403 3282 sua

269 3318 335 3401 ipse
368 3320 547 3401 pernossent,
582 3318 799 3400 uoluntatique
830 3336 867 3382 ac
895 3318 1071 3384 sententiae
1099 3337 1174 3384 suae
1205 3320 1328 3385 deditus
1350 3319 1401 3385 his

269 3421 303 3485 in
327 3421 433 3487 futuro
457 3422 626 3487 adhaereat
643 3421 834 3501 condicione,
858 3420 971 3503 quibus
995 3422 1046 3486 hic
1067 3422 1211 3488 adhaesit
1232 3423 1356 3488 affectu.

238 3529 259 3594 8
311 3524 354 3590 IL
384 3523 443 3590 Sed
466 3526 613 3589 uidelicet
634 3527 790 3589 immunes
807 3544 839 3588 se
853 3527 892 3590 ab
914 3525 973 3588 hoe
987 3525 1109 3606 piaculo
1133 3525 1260 3608 qnidam
1276 3529 1401 3610 putent,

270 3629 323 3710 qui
340 3627 477 3698 ⁴fortasse
501 3647 612 3726 aarum
635 3647 672 3712 ac
699 3628 865 3694 facultates
888 3646 959 3693 suas
981 3631 1014 3693 in
1037 3630 1120 3694 terra
1144 3647 1206 3694 non
1228 3629 1347 3695 hebent
1370 3636 1440 3696 otoo

352 3789 354 3796 ’
371 3798 388 3851 3
406 3799 467 3854 hot.
483 3799 508 3865 4,
527 3799 561 3852 32
665 3800 698 3853 18
716 3799 815 3852 Matth.
835 3799 877 3865 16,
894 3800 912 3852 2

321 3955 334 4007 1
359 3953 456 4022 eximie
477 3951 563 4022 forme
583 3955 631 4020 tue
655 3952 683 4007 B
785 3953 803 4006 2
825 3951 978 4007 diuinorum
1003 3954 1118 4024 apicum]
1142 3954 1193 4009 boc
1215 3955 1274 4009 loco
1299 3955 1405 4024 europe

267 4039 391 4108 fulcitur
410 4039 544 4094 Eordelit
561 4039 724 4094 contectura
744 4038 781 4092 'de
801 4039 862 4109 pub.
886 4039 959 4094 143
985 4055 1019 4094 cu
1042 4055 1098 4109 orac
1119 4041 1206 4109 apices
1226 4056 1278 4108 pro
1297 4041 1404 4108 rupices

267 4126 428 4195 acepsimas
530 4125 548 4179 4
562 4131 629 4194 post
645 4139 689 4179 cor
706 4126 734 4178 A
750 4125 852 4194 ia'mp.
870 4141 904 4182 m.
921 4128 942 4180 2
959 4142 1057 4190 unum,
1081 4127 1155 4196 qaod
1172 4133 1199 4181 et
1212 4143 1235 4196 p
1253 4126 1333 4181 habet

268 4214 285 4266 9
303 4213 483 4282 propriisque
494 4227 515 4268 a.
533 4229 552 4267 n
569 4227 622 4268 sor.
640 4228 655 4265 o
672 4213 740 4266 Μ
757 4211 813 4264 ΑΒ
924 4213 957 4267 13
975 4213 1104 4268 luctuosis
1123 4214 1184 4283 (aio)
1202 4213 1231 4267 B
1247 4213 1295 4268 sed
1311 4213 1350 4266 sia
1369 4229 1407 4269 m.

267 4315 321 4354 reo.
422 4298 903 4370 16speoibnss.iscr.um.2A
996 4300 1139 4355 24utA=
1163 4299 1243 4354 adB
1340 4301 1405 4354 dos.

267 4401 320 4440 scr.
339 4401 372 4439 m.
391 4390 410 4440 2
427 4388 459 4439 ut
476 4387 504 4439 A
606 4385 641 4438 29
659 4383 779 4436 immune
796 4397 852 4438 esse
868 4387 896 4440 B
998 4385 1034 4438 30
1051 4385 1134 4440 habet
1153 4387 1180 4442 B
