3132 5096
449 507 487 562 de
504 508 641 578 gubern.
660 507 711 563 dci
729 508 790 564 1111
808 513 823 575 t
842 509 951 565 53-58.
1222 513 1266 580 85

132 700 346 766 Romanorum
375 700 460 783 daus,
495 699 547 782 qni
576 700 644 765 tam
673 699 771 766 nidos
800 700 869 764 tam
897 697 1036 781 perditos
1067 697 1174 766 beatos
1197 717 1264 766 essa
1332 699 1334 704 '

135 803 305 893 pateretur.
339 821 411 868 cum
440 820 514 867 uero
541 805 607 868 tom
636 802 767 868 uitiosos
798 803 864 868 tam
894 802 1053 885 improbos
1081 803 1206 869 infimos
1235 806 1267 870 et

135 907 330 973 miserrimos
359 925 425 972 essa
455 906 577 986 iubeat,
609 906 844 974 audentissime
869 909 959 990 patet
986 909 1024 972 et'
1044 905 1143 990 aspici
1171 924 1268 972 nora

41 1094 45 1100 ,
136 1009 191 1077 deo
214 1013 247 1076 ot
268 1010 410 1087 indicari,
434 1008 506 1092 quia
527 1009 587 1075 hoc
607 1011 756 1094 patimur,
779 1011 860 1094 quod
881 1029 1046 1076 meremur.
1078 1009 1132 1076 sed
1153 1010 1267 1076 mareri
1276 1005 1318 1074 56

115 1131 191 1179 snos
216 1114 334 1196 absquo
362 1112 459 1178 dnbio
481 1130 542 1180 non
564 1114 729 1196 patarum,
753 1114 787 1178 ct
808 1113 880 1179 hinc
902 1114 965 1199 est,
994 1116 1075 1198 quod
1096 1111 1199 1196 inagis
1220 1113 1267 1177 rui

136 1217 168 1281 ot
196 1216 360 1282 criminosi
391 1233 516 1296 sumus,
552 1215 626 1299 qula
658 1234 720 1282 non
753 1218 950 1300 agnoscimus
984 1219 1067 1300 quod
1098 1221 1265 1282 moremur.

135 1323 277 1386 maxima
304 1321 418 1403 quippe
445 1321 620 1386 accusatrix
645 1320 810 1386 hominum
833 1321 997 1387 domorum
1020 1323 1068 1387 ast
1090 1320 1268 1404 usurpatrix

136 1421 334 1488 innocentiae
360 1424 555 1506 adrogantia.
589 1423 672 1490 inter
700 1425 818 1489 multoe
841 1423 995 1507 siquidum
1018 1424 1186 1490 eorundem
1205 1422 1267 1487 cri

137 1529 262 1592 minum
289 1545 358 1593 reos
389 1528 494 1593 nullus
523 1531 572 1593 est
601 1511 803 1612 criminosior,
838 1545 931 1610 quam
960 1526 1070 1610 quise
1093 1525 1268 1608 conputat

104 1631 351 1698 conmissorum.
385 1631 490 1714 itaque
518 1631 553 1696 ot
580 1649 636 1697 noa
667 1631 724 1696 hoc
751 1631 856 1696 solum
887 1631 979 1696 malis
1009 1631 1125 1696 nostris
1155 1631 1268 1696 addere

137 1752 314 1818 possumus,
338 1737 375 1799 ut
396 1751 453 1798 nos
474 1733 614 1800 innoxios
636 1733 821 1800 iudicemus.
849 1735 902 1798 scd
926 1737 1001 1810 esto,
1024 1733 1127 1817 inquit
1142 1732 1267 1815 aliquis,
1277 1736 1319 1804 57

134 1841 315 1922 peccatores
344 1838 377 1901 eh
409 1836 486 1902 mali
519 1837 633 1920 simus,
668 1839 767 1916 certe,
802 1838 883 1920 qnod
903 1835 1025 1920 negari
1058 1855 1120 1902 non
1152 1837 1267 1918 potest

136 1943 283 2008 meliores
309 1940 451 2006 barbaris
477 1959 601 2019 sumus,
632 1943 663 2006 ot
686 1941 744 2006 hoc
765 1942 832 2024 ipso
855 1941 962 2024 utiquo
984 1939 1188 2006 manifestum
1210 1940 1268 2023 est,

137 2044 220 2130 qnod
242 2061 304 2110 non
326 2045 454 2126 respicit
469 2063 518 2110 ros
534 2045 686 2112 humanos
702 2046 789 2122 deus,
812 2043 896 2127 quia,
914 2063 986 2110 cum
1002 2043 1145 2109 meliores
1160 2043 1268 2118 simus,

106 2145 345 2214 adsterioribus
377 2147 590 2232 subiugamur.
636 2167 678 2214 an
710 2148 853 2224 meliores
887 2149 986 2214 simus
1025 2145 1167 2214 barbaris
1206 2147 1270 2210 iam

137 2249 334 2316 uidebimus:
368 2252 466 2331 corte,
490 2252 573 2333 qnod
595 2269 658 2318 uon
680 2239 811 2318 dahium
833 2252 897 2330 est,
921 2252 1064 2318 meliores
1087 2267 1152 2314 osso
1168 2247 1270 2328 'debe⁴

137 2373 217 2420 mus.
254 2356 285 2418 ct
307 2354 365 2420 hoc
394 2354 462 2435 ipso
491 2355 599 2438 utiquc
630 2354 801 2420 deteriores
829 2371 956 2436 sumus,
986 2353 1014 2420 si
1042 2351 1187 2418 meliores
1210 2368 1272 2416 non

138 2477 264 2539 sumus,
295 2458 348 2540 qui
378 2456 522 2524 meliores
550 2477 617 2524 osso
646 2459 810 2535 debemus;
842 2457 1036 2526 criminosior
1065 2455 1148 2522 onim
1178 2454 1272 2536 culpa

141 2565 198 2640 est,
222 2560 278 2626 uhi
300 2559 458 2626 honestior
479 2563 590 2630 status.
618 2561 652 2627 >si
675 2561 854 2628 honoratior
880 2562 928 2629 ost
947 2577 1081 2643 persona
1101 2556 1270 2640 peccantis,

107 2663 261 2746 opscos
294 2682 417 2747 quoquo
449 2665 548 2730 maior
580 2664 709 2735 inuidia.
748 2665 869 2730 furtum
898 2663 932 2730 in
960 2664 1045 2728 omni
1073 2660 1209 2744 quidem¹
1224 2660 1323 2730 ostes

141 2767 268 2834 homine
291 2767 413 2834 malum
434 2768 568 2847 facinus,
590 2770 645 2836 sed
668 2768 878 2836 damnabilius
902 2767 1018 2849 absquo
1037 2764 1132 2830 dubio
1147 2763 1273 2830 senator

142 2871 265 2938 furatur
289 2871 395 2954 aliqua
416 2889 511 2953 quam
534 2871 644 2941 infima
666 2889 807 2955 persona.
841 2869 962 2946 cunctis
986 2868 1151 2936 fornicatio
1173 2866 1272 2932 iuter·

144 2974 269 3054 dicitur,
294 2975 349 3042 scd
370 2975 499 3056 grauius
521 2975 622 3042 multo
645 2975 703 3056 oet,
727 2973 754 3040 si
770 2974 912 3050 doctore
934 2971 1049 3055 aliquis
1073 2989 1167 3054 quam
1190 2969 1219 3036 si
1234 2971 1273 3036 de

142 3077 256 3162 populo
280 3076 459 3144 fornicetur.
494 3076 541 3143 ito
565 3079 597 3144 ct
618 3095 682 3157 nos,
714 3081 767 3162 qui
790 3075 961 3148 Christiani
982 3079 1014 3143 at
1037 3073 1184 3142 catholici
1206 3091 1272 3140 csse

193 3409 211 3464 2
229 3407 336 3464 infimos
355 3425 388 3466 coc
405 3409 461 3466 AB
479 3409 601 3478 recipere
617 3423 677 3464 ooo
694 3407 837 3476 deiocus
856 3405 940 3477 ‘houd
958 3407 1013 3464 acio
1032 3421 1071 3462 ao
1086 3409 1159 3462 scote
1176 3405 1272 3474 ocum·

142 3518 227 3573 qoam
244 3518 331 3572 capro
348 3506 375 3569 (5
393 3506 436 3570 54)
456 3503 584 3574 lecimus:
607 3502 769 3557 infirmiores
788 3501 912 3557 omnibus
930 3498 1058 3570 gentibus
1076 3500 1104 3553 ot
1122 3498 1274 3552 miseriores

144 3599 202 3653 eta'
224 3597 369 3652 Halmius:
392 3596 514 3651 infirmos
538 3596 599 3652 cdd.
623 3612 713 3652 omues
831 3596 850 3649 4
871 3594 989 3652 indicare
1012 3593 1040 3648 A
1156 3592 1226 3660 ,qnia
1248 3591 1275 3645 Β

145 3705 214 3747 corr.
238 3691 381 3759 ecquod.
464 3689 616 3744 inarime
637 3690 665 3744 A
767 3691 864 3744 tineos
889 3703 925 3743 ec
946 3703 1006 3742 rens
1025 3685 1276 3742 etAethorr.

144 3789 208 3841 m
301 3786 382 3854 putat
399 3774 454 3838 non
472 3783 500 3838 Β
566 3765 568 3772 ’
595 3778 626 3840 11
646 3787 702 3839 esto
719 3781 933 3841 Ritterahuso'ocat
959 3785 1002 3838 est
1019 3764 1111 3838 unaco
1128 3779 1206 3835 codd.

146 3882 178 3936 12
204 3881 376 3954 peccatores.
395 3880 500 3933 .simus
527 3878 695 3936 nonnoso.-
723 3880 846 3950 peccator
867 3878 910 3932 est
933 3877 960 3931 at
980 3863 1144 3931 malissimue
1161 3875 1189 3928 A
1217 3884 1276 3942 pec

144 3978 218 4030 caton
230 3976 258 4028 et
270 3973 484 4044 malignissimus
503 3973 531 4029 Β
626 3975 659 4030 13
677 3961 792 4029 etcoeax
809 3973 920 4044 Bcorr.
944 4021 947 4026 .
1018 3970 1052 4026 14
1069 3965 1205 4024 sumusB

145 4066 177 4124 15
200 4031 293 4124 surffus
317 4069 345 4122 Β
398 4113 400 4120 .
450 4069 482 4123 19
500 4071 542 4123 est
559 4071 637 4137 (cote
654 4063 777 4138 porsom)
795 4060 893 4124 ΜΒ
995 4064 1031 4120 20
1053 4062 1160 4132 quidem
1183 4062 1224 4116 est
1247 4061 1277 4115 in

146 4165 218 4220 omni
244 4163 272 4218 Β
376 4161 408 4218 21
436 4161 528 4229 dubio,
555 4163 578 4216 si
591 4167 707 4218 -senocor
730 4163 758 4218 Β
781 4161 855 4232 quod
876 4160 979 4230 recepit
1001 4156 1144 4220 Halmium
1173 4159 1203 4210 at
1225 4153 1275 4222 cfr.

142 4259 230 4326 poulo
240 4261 318 4336 poet:
342 4257 447 4312 foedius
461 4255 608 4312 inebriatur
620 4256 794 4328 sobrietatem
805 4255 896 4328 fronte
908 4251 1081 4326 praetendens
1185 4248 1220 4304 22
1237 4249 1277 4304 in-

145 4350 209 4408 fima
233 4367 346 4422 persona
369 4352 396 4406 A
419 4368 462 4412 m..
477 4367 531 4411 reo.
553 4351 586 4408 io
608 4366 706 4423 maroa
736 4366 786 4408 oar.
810 4351 838 4409 Β
940 4348 975 4404 24
992 4348 1020 4401 et
1044 4346 1125 4415 (orote
1138 4344 1277 4411 catholici)

115 4477 116 4482 κ
145 4462 197 4502 om.
219 4447 247 4501 Β
