3178 5100
483 455 521 510 de
538 455 675 526 gubern.
693 455 748 510 dei
772 455 841 510 VIII
863 459 878 521 1
898 455 973 510 1-7.
1230 458 1291 524 193

168 649 305 712 sumunt.
339 664 410 712 cum
442 644 525 712 enim
554 664 626 710 eum
656 643 845 710 incuriosum
876 647 907 710 et
935 643 1153 728 neglegentem
1181 665 1290 728 resque

168 750 318 814 humanas
347 751 401 814 aut
430 767 491 816 non
513 767 549 813 ex
571 747 685 814 iudicio
706 749 875 831 gubernare
898 750 954 813 aut
977 749 1070 813 etiam
1100 765 1156 814 nec
1177 749 1289 830 guber-

168 869 240 918 nare
268 851 494 933 blasphement
525 851 600 933 qnid
629 851 714 918 eliud
737 850 845 934 utique
868 850 960 920 deum
983 867 1076 932 qnam
1105 850 1235 916 inertiae
1259 857 1290 917 et

169 955 323 1020 abusionis
357 961 387 1020 01
422 954 598 1038 iniquitatis
637 957 806 1022 accusant?
845 973 862 1018 o
897 955 1051 1022 humanae
1088 954 1322 1037 insipientiae4

146 1057 363 1124 acaecitateml
387 1059 544 1124 oinsanae
559 1058 745 1124 temeritatis
763 1057 914 1127 furorem!
939 1058 1033 1122 deum
1048 1075 1130 1138 ergo,
1147 1076 1165 1121 o
1181 1059 1290 1125 homo!

167 1159 356 1227 incuriosum
384 1179 420 1227 ac
447 1163 665 1246 neglegentem
694 1179 796 1228 uocas.
831 1162 858 1226 01
887 1159 1057 1243 quemlibet
1084 1159 1290 1242 ingenuorum

167 1264 328 1329 hominum
344 1264 402 1330 hac
418 1265 609 1330 contumelia
631 1265 775 1343 laederes,
799 1263 984 1330 iniuriarum
1001 1263 1202 1328 insolentium
1218 1283 1289 1330 rcus

168 1384 258 1445 60060,
284 1369 379 1442 06110,
403 1369 429 1433 01
451 1367 663 1434 inlustriorem
686 1366 865 1450 quempiam
888 1385 925 1432 ac
947 1366 1169 1451 sublimiorem,
1194 1369 1290 1434 etiam

168 1488 326 1536 censuram
355 1470 433 1535 iuris
463 1469 583 1553 publici
613 1473 791 1537 sustineres.
825 1471 955 1553 pupillis
978 1469 1062 1534 enim
1084 1470 1133 1534 uel
1157 1473 1291 1536 maxime

136 1595 159 1632 ro
167 1572 304 1656 prodigis
337 1574 413 1640 haec
446 1574 623 1640 obiciuntur
657 1574 832 1658 obprobria,
865 1575 1057 1656 perditorum
1090 1573 1149 1638 hoc
1184 1575 1290 1642 adule-

165 1677 319 1742 scentium
351 1676 485 1759 speciale
518 1677 691 1743 conuicium
725 1681 783 1756 est,
816 1682 852 1742 nt
875 1678 1019 1742 abusores
1042 1676 1163 1741 'scilicet
1186 1681 1216 1742 61
1239 1677 1290 1743 in·

169 1779 278 1845 curiosi
307 1798 343 1844 ac
364 1780 564 1864 neglegentes
594 1799 698 1846 rerum
724 1799 851 1846 suarum
874 1797 941 1844 csse
964 1779 1120 1844 dicentur.
1156 1781 1321 1846 ceneri-5

169 1882 254 1964 logeo
277 1885 386 1948 uoces!
410 1901 427 1948 o
449 1882 594 1965 profanae
616 1885 835 1967 procacitates!
859 1884 952 1949 deum
976 1900 1047 1963 ergo
1063 1883 1119 1946 hoc
1135 1900 1200 1948 esse
1214 1883 1290 1949 dici·

169 2005 245 2068 mus,
274 1988 355 2068 quod
384 1986 479 2052 eiiam
513 1987 594 2052 inter
627 1985 766 2051 homines
800 1985 923 2052 nonnisi
956 1984 1181 2068 perditissimos
1210 2006 1291 2052 nun-

137 2107 328 2172 ucupamus.
363 2090 506 2171 quamuis
528 2107 589 2154 uon
613 2089 679 2155 sola
701 2089 764 2156 ista
786 2089 946 2154 dicentur:
970 2089 1043 2152 nota
1058 2089 1170 2171 quippe
1194 2090 1230 2170 01,
1256 2094 1292 2158 ut

169 2197 238 2257 ante
261 2192 419 2269 iamdicti,
443 2191 538 2258 etiam
561 2191 739 2273 iniquitatis
762 2190 945 2275 inpingitur.
978 2191 1006 2254 01
1029 2189 1113 2254 enim
1136 2209 1191 2258 nos
1214 2211 1291 2275 quac

168 2297 304 2377 patimur
338 2313 398 2361 nou
430 2313 586 2360 meremur
619 2297 653 2360 et
685 2295 808 2376 indigni
844 2293 1044 2359 miseriarum
1080 2298 1289 2375 praesentium

168 2399 335 2464 tolerantie
357 2418 473 2478 sumus,
497 2399 651 2464 iniustum
673 2399 782 2481 utique
804 2401 895 2463 deum
917 2397 1060 2480 dicimus,
1088 2397 1141 2478 qui
1165 2418 1219 2465 nos
1240 2403 1290 2466 iu·

169 2502 238 2568 1061
260 2502 346 2568 mala
367 2502 495 2586 indigna
517 2504 657 2568 tolerare.
692 2505 744 2568 sed
767 2520 827 2567 non
852 2505 928 2579 iam,
950 2500 1064 2583 inquis,
1087 2501 1173 2566 iubet
1196 2503 1320 2586 quamb

137 2606 331 2688 aopermittit.
361 2606 599 2689 adquiescamus
614 2607 673 2670 hoc
688 2605 734 2669 ita
749 2623 825 2670 esee.
856 2606 910 2668 sed
924 2621 1018 2686 quem
1041 2602 1141 2686 louge,
1167 2624 1289 2704 quaeso,

168 2710 215 2772 cst
237 2727 255 2773 a
277 2710 402 2774 iubente
424 2709 633 2791 permittens?
666 2708 718 2790 qui
742 2709 826 2774 enim
856 2708 914 2772 scit
944 2724 998 2771 uos
1021 2706 1083 2798 ista
1104 2708 1236 2790 perferre
1259 2714 1290 2775 et

166 2811 327 2893 prohibere
355 2815 458 2896 potest
487 2831 524 2876 ne
552 2812 744 2895 perferamus
774 2812 885 2894 probet
915 2811 1029 2892 absque
1058 2810 1149 2875 dubio
1179 2811 1290 2877 debere

166 2916 301 2998 perferre
335 2934 546 2998 quaecumque
578 2917 696 2998 patitur
729 2915 893 2980 sustinere.
931 2915 1014 2978 unde
1047 2913 1189 2980 uidemus
1218 2916 1291 2997 quie

167 3019 273 3085 iudicii
296 3023 342 3083 cst
358 3021 406 3088 sui
422 3020 483 3084 ista
498 3018 661 3101 permissio
677 3020 710 3082 et
724 3018 881 3082 sententia
902 3035 1033 3101 superna
1049 3020 1128 3099 quod
1144 3019 1289 3098 patimur.

135 3137 234 3186 aarum
270 3125 352 3186 enim
387 3122 450 3186 sint
478 3123 581 3187 omnia
615 3121 744 3187 dicionis
779 3139 886 3186 sacrae
914 3124 945 3184 et
973 3123 1068 3184 nutus
1100 3119 1149 3183 161
1180 3121 1291 3184 cuncte

167 3224 353 3310 moderetur,
377 3225 523 3306 quicquid
547 3223 701 3290 malorum
717 3224 831 3290 cotidie
853 3240 1082 3305 poenarumque
1104 3222 1289 3305 perferimus

168 3347 296 3394 censura
319 3333 366 3393 est
388 3331 513 3394 diuinae
534 3347 660 3394 manus:
691 3347 785 3411 quam
814 3327 922 3409 utique
945 3345 1105 3391 censuram
1127 3345 1182 3390 nos
1205 3327 1289 3392 inar-

167 3434 289 3496 descere
311 3431 443 3499 facimus
468 3435 498 3496 et
520 3433 655 3514 peccatis
685 3432 800 3497 nostris
826 3433 940 3514 iugiter
963 3447 1200 3496 commonemus.
1234 3431 1319 3496 nos‘l

167 3535 312 3599 caelestis
335 3534 398 3600 irae
421 3535 527 3617 ignem
550 3535 746 3600 accendimus
770 3539 802 3599 61
825 3535 995 3599 excitamus
1018 3534 1161 3598 incendia
1178 3533 1289 3615 quibus

216 3788 390 3844 3inhe1tiae
411 3789 588 3848 1611612
610 3793 637 3844 A
739 3790 900 3844 birraniae
923 3790 951 3842 A
1053 3788 1200 3857 6quidam
1222 3787 1290 3840 iibct

164 3876 895 3947 6611111610111111666111611106611.110211
1000 3876 1157 3930 'llaederer
1182 3892 1214 3930 coc
1237 3876 1289 3928 lae·

164 3963 235 4016 deris
253 3964 281 4016 A
298 3977 367 4016 corr.
380 3980 414 4017 m.
428 3967 446 4016 2
532 3964 565 4018 10
582 3964 714 4033 prodigiis
725 3963 772 4018 aad
783 3964 903 4032 ipooter.
917 3963 1046 4017 1101112
1064 3963 1090 4014 A
1177 3960 1290 4015 ll'abu-

165 4049 247 4117 sores]
267 4048 394 4102 abuxores
411 4055 477 4104 mat.
497 4066 511 4103 6
528 4051 560 4104 ira
576 4050 586 4103 i
605 4056 631 4105 et
648 4066 667 4104 a.
687 4066 738 4104 061.
756 4066 791 4103 rra.
809 4052 829 4102 2
846 4048 883 4102 bu
900 4051 928 4103 A
1031 4048 1063 4101 13
1081 4047 1214 4115 prophane
1231 4062 1289 4115 pro-

164 4133 291 4188 cacitatis
318 4135 347 4187 A·
376 4135 528 4204 prophanae
555 4137 729 4205 procacitates
756 4136 783 4189 Β
887 4136 920 4189 18
946 4135 1007 4203 quis
1029 4139 1127 4202 parcet.
1154 4150 1167 4186 0
1194 4134 1221 4185 A

165 4221 197 4273 19
216 4219 319 4288 iniquis
336 4219 362 4273 Β
465 4222 496 4274 21
516 4222 627 4289 perferri
644 4223 672 4274 A
773 4221 808 4275 23
825 4218 1108 4288 perferri-sustineri
1126 4220 1196 4272 corti.
1214 4218 1290 4272 Har·

162 4306 246 4360 101166
336 4306 399 4374 quia
417 4322 466 4361 om.
484 4310 511 4360 A
606 4306 797 4375 21011]01Β
882 4305 945 4374 1010]
963 4305 1035 4358 iusta
1053 4304 1080 4357 Β
1174 4304 1208 4358 25
1226 4309 1291 4358 snnt

163 4392 191 4445 B
297 4394 367 4444 nutu
384 4392 411 4444 Β
514 4392 708 4461 aspernatum
726 4407 793 4460 quae
807 4397 903 4460 parcet.
921 4390 1069 4457 sicquae
1087 4391 1114 4443 A

215 4493 296 4548 VIII.
1154 4493 1186 4549 13
