3132 5096
276 469 339 534 134
758 462 913 522 Saluiani

277 657 375 722 666666
397 657 462 737 666,
486 657 520 720 66
534 654 610 719 6666
632 651 686 735 q'oi
708 650 879 717 reuertitur
893 652 932 716 ed
956 649 1115 717 diabolum
1133 650 1282 734 relinquit
1297 651 1407 718 deumt

275 757 416 823 diabolus
439 759 545 822 autem
565 756 600 822 66
622 756 810 838 spectaculis
830 754 884 824 ,est
906 755 938 819 66
955 755 1078 837 pompis
1099 754 1172 834 suis,
1197 771 1233 818 66
1256 753 1406 836 6661666,

276 879 348 926 oum
370 858 506 924 redimus
530 859 569 924 66
591 859 771 941 6666666616
792 856 921 936 diaboli,
944 857 1149 939 relinquimus
1164 857 1259 922 tidem
1274 855 1401 924 Christi.

275 962 334 1027 hoo
366 963 472 1044 itaque
506 962 598 1027 modo
632 961 737 1028 omnia
767 959 903 1044 symboli
935 961 1131 1026 sacramento
1158 959 1335 1034 soluoutur,
1370 963 1402 1026 et

275 1066 379 1131 totum
401 1064 482 1148 quod
505 1063 539 1129 in
560 1064 701 1148 symbolo
724 1065 872 1149 sequitur,
896 1062 1105 1130 labefactatur
1129 1069 1159 1128 66
1181 1065 1290 1140 666666
1325 1062 1403 1128 nihil
1425 1086 1446 1128 6

224 1169 266 1235 34
276 1169 358 1235 euim
381 1186 512 1251 sequeus
544 1169 619 1246 6666,
649 1168 675 1234 66
698 1165 871 1250 principale
894 1184 956 1232 nou
978 1166 1113 1233 steterit.
1152 1165 1201 1230 dic
1228 1151 1327 1250 igitur
1356 1169 1402 1246 66,

276 1272 460 1351 Christiane,
491 1273 644 1354 quomodo
667 1272 772 1338 666666
795 1273 827 1337 ts
849 1271 1014 1354 sequentia
1035 1270 1167 1356 symboli
1188 1274 1289 1353 potae,
1315 1271 1413 1338 66666
1559 1283 1560 1286 ’

274 1375 430 1458 principia
462 1375 650 1458 perdidisti?
683 1375 826 1440 membra
854 1375 920 1440 siue
950 1373 1052 1456 cupite
1079 1374 1126 1440 nil
1157 1375 1288 1455 prosunt
1311 1375 1343 1439 66
1365 1377 1403 1442 ad

276 1479 436 1544 exordium
468 1477 517 1544 sui
552 1480 664 1544 666666
697 1477 885 1559 respiciunt:
920 1495 998 1560 quae
1033 1475 1150 1558 utique,
1185 1477 1213 1541 66
1242 1478 1403 1558 perierint,

276 1581 380 1648 omnia
408 1599 533 1664 possum
555 1582 693 1660 trahunt,
724 1580 879 1663 siquidem
904 1581 1000 1662 stirpe
1023 1579 1147 1670 sublata
1169 1582 1224 1645 666
1246 1597 1307 1646 666
1331 1581 1444 1646 sunto

275 1684 482 1769 6616666666,
510 1685 539 1750 66
561 1685 644 1771 suut,
673 1684 741 1750 siue
764 1684 973 1750 emolumento
1002 1684 1085 1762 suut,
1116 1681 1190 1765 quia
1212 1681 1279 1748 6666
1303 1683 1404 1766 cupite
1559 1667 1561 1712 ³

275 1787 321 1852 nil
344 1790 475 1854 6666666.
513 1790 540 1852 66
562 1789 613 1853 666
633 1788 741 1870 itaque
764 1788 834 1853 1666
856 1784 1106 1868 spectaculorum
1130 1787 1246 1852 crimen
1268 1786 1403 1866 uidetur,

275 1892 421 1974 respiciat
449 1893 560 1956 666666
587 1891 651 1956 6666
679 1908 758 1976 quae
786 1890 932 1972 diximus,
961 1893 992 1953 66
1020 1889 1139 1954 uidebit
1161 1889 1195 1954 in
1217 1891 1403 1972 spectaculis

275 2013 337 2060 nou
360 1995 554 2079 uoluptatem
578 2013 643 2060 esse
665 1993 718 2058 sed
741 1995 884 2060 mortem.
916 1994 990 2075 quid
1014 1996 1061 2060 666
1083 1995 1190 2058 autom
1205 1993 1293 2058 61666
1309 2010 1404 2076 qoam

275 2101 410 2162 mortem
432 2097 589 2162 incurrere
610 2096 697 2162 66666
720 2097 872 2180 originem
893 2096 1087 2180 perdidisse?
1110 2097 1164 2162 ubi
1182 2097 1266 2162 euim
1289 2095 1403 2163 66666-
1413 2118 1442 2162 rs
1561 2084 1562 2158 l

276 2204 419 2267 mentum
442 2199 578 2284 symboli
602 2201 762 2277 euertitur‚
786 2201 853 2265 6666
874 2200 944 2282 ipso
965 2200 1138 2286 iugulatur.

223 2329 266 2394 35
319 2322 389 2387 VII.
420 2322 557 2388 Rursum
594 2339 665 2405 ergo
700 2339 824 2386 6666666
858 2321 907 2385 666
942 2320 1106 2385 redeamus
1136 2322 1174 2386 66
1195 2320 1286 2399 61166,
1321 2320 1403 2402 quod

275 2445 366 2508 saepe
400 2425 550 2490 diximus:
585 2423 659 2506 quid
692 2422 795 2490 simile
829 2423 912 2507 apud
946 2424 1114 2488 barbaros?
1147 2421 1203 2488 ubi
1225 2423 1309 2505 apud
1331 2423 1403 2489 61166

276 2528 427 2594 circenses
449 2527 505 2593 ubi
528 2527 653 2594 theatra
674 2527 728 2594 ubi
751 2529 852 2594 scelus
876 2529 1069 2594 diuersarum
1093 2527 1321 2610 impuritatum,
1345 2527 1404 2592 hcc

275 2633 323 2696 est
350 2632 417 2713 spei
444 2631 570 2696 nostrae
591 2649 628 2696 ao
650 2631 761 2698 salutis
790 2631 969 2697 excidium?
997 2631 1109 2713 quibus
1132 2630 1181 2696 illi
1203 2630 1272 2706 etsi,
1297 2631 1445 2714 utpoteoa

275 2734 401 2816 pagani,
424 2733 597 2813 uterentur,
620 2733 741 2800 minore
763 2737 869 2800 tamen
892 2735 986 2817 culpa
1006 2751 1111 2802 sacrae
1126 2733 1302 2800 offensionis
1318 2752 1402 2800 6666·

275 2834 362 2909 baut,
392 2835 474 2918 quia,
505 2839 564 2902 6666
587 2839 668 2903 66666
695 2837 861 2920 impuritas
884 2836 1023 2918 uisionis,
1048 2838 1274 2918 praeuaricatio
1297 2840 1404 2903 tomen

223 2944 265 3010 36
276 2956 336 3002 uon
369 2939 437 3004 6666
469 2941 665 3007 sacramenti.
707 2959 761 3006 uos
794 2958 868 3007 uero
904 2942 977 3023 quid
1011 2942 1193 3023 respondere
1225 2961 1280 3023 pro
1316 2941 1404 3006 nobis

275 3046 465 3124 possumus?
502 3046 645 3110 tenemus
674 3044 851 3128 symbolum
879 3046 912 3109 66
940 3042 1122 3122 6666666666,
1158 3045 1189 3110 66
1218 3043 1402 3110 confitemur

275 3165 390 3212 monus
412 3146 521 3212 salotis
543 3147 661 3230 pariter
683 3149 715 3212 66
736 3165 894 3231 negamus.
927 3165 963 3212 ac
984 3167 1039 3230 per
1061 3147 1119 3213 hoc
1134 3147 1189 3220 ubi
1204 3150 1252 3212 666
1274 3146 1443 3213 christi-as

275 3250 377 3314 auitas
410 3253 527 3329 666666,
561 3250 614 3334 qui
637 3250 676 3316 ad
699 3250 757 3316 hoo
779 3249 994 3316 tantummodo
1027 3251 1257 3316 sacramentum
1289 3249 1403 3314 salutis

275 3351 452 3434 accipimus
476 3357 513 3418 66
533 3354 649 3420 maiore
669 3356 776 3436 postea
790 3353 1068 3436 praeuaricationis
1086 3354 1203 3418 6661666
1218 3355 1404 3436 peccemus?

275 3472 331 3520 nos
355 3455 492 3521 ecclesiis
522 3454 573 3523 dei
599 3456 721 3522 ludicra
750 3455 979 3538 anteponimus,
1010 3474 1067 3522 uos
1090 3456 1204 3522 6166666
1226 3457 1403 3538 spernimus

275 3560 307 3623 66
329 3557 451 3624 61666666
472 3558 669 3638 honoramus,
695 3559 800 3624 omnia
821 3559 953 3642 denique
976 3577 1118 3624 amamus
1134 3559 1239 3626 omnia
1254 3557 1408 3624 colimus:

326 3799 343 3850 2
361 3798 403 3851 eet
418 3797 448 3850 iu
466 3798 623 3865 spectaculis
640 3798 668 3853 B
754 3799 782 3852 66
799 3797 863 3852 666.
876 3797 1023 3852 1166666166
1034 3803 1115 3866 recte,
1133 3799 1248 3866 opinor,⁸
1267 3798 1302 3864 cf.
1315 3805 1340 3864 5.
1351 3800 1406 3852 32.-

273 3881 378 3952 pompis
396 3883 554 3951 spectaculis
572 3885 599 3938 et
616 3883 740 3953 operibus
758 3883 815 3938 6666
907 3882 977 3937 ilud
996 3884 1175 3953 spectoculum
1193 3884 1228 3950 B,
1256 3884 1330 3939 idam
1347 3884 1407 3940 din-

273 3967 330 4022 boli
352 3983 402 4022 om.
511 3969 667 4038 isymboli
690 3986 725 4025 ec
746 3969 862 4040 symboli
886 3971 914 4024 Δ
936 3985 1006 4024 corr.
1030 3986 1065 4024 m.
1084 3974 1113 4037 1,
1140 3969 1214 4026 idom
1232 3974 1320 4038 pacto
1340 3978 1408 4040 post

274 4056 679 4124 notetewpcroocr.m.2n
781 4055 1030 4110 8et12niluilB
1135 4056 1335 4111 llsiBo.l.

275 4141 308 4194 13
326 4141 432 4198 uidebit
449 4143 481 4196 ia
497 4157 514 4196 o
532 4157 565 4198 66
582 4143 658 4197 66666
674 4158 746 4198 corr.
764 4142 964 4198 Brassicoooe:
982 4142 1059 4196 uidet
1076 4142 1202 4210 ABth)
1308 4144 1342 4198 14
1359 4160 1408 4199 uo-

274 4226 408 4282 luntatem
425 4230 452 4282 A
548 4229 582 4283 2?
599 4229 826 4299 praeuaricatione
843 4230 870 4284 B
966 4229 1001 4284 24
1018 4232 1045 4284 et
1062 4228 1222 4284 confitemur
1239 4230 1408 4288 remotam

275 4327 309 4366 ac
326 4313 467 4383 ΔΒ(Τ6),·
488 4316 546 4382 fait
563 4316 646 4370 666666
663 4316 695 4370 66
712 4332 728 4370 6
745 4315 793 4372 666
813 4316 998 4372 Broeetcoaae
1019 4314 1121 4370 66166616
1140 4320 1166 4368 66
1179 4320 1243 4382 poet
1261 4331 1324 4368 6666
1344 4331 1409 4372 caan

273 4397 337 4452 666.
357 4399 445 4455 omisit
462 4401 603 4469 Halmius)
