3134 5098
248 485 302 542 XII

246 677 283 750 in
318 674 495 750 fasciculo
528 697 839 772 pergamenarum
874 673 914 744 in
948 668 1171 746 bibliotheca
1205 674 1382 748 Beruensi
1465 722 1472 728 -

247 798 403 871 alteram
427 795 468 868 in
501 794 627 869 oodioe
653 793 822 867 Parisino
859 817 972 890 supra
1007 790 1107 866 dioto
1140 794 1312 892 repperit,
1348 804 1383 869 et

247 917 327 1016 ipse
349 914 502 992 ¹contuli
518 925 565 988 'et
599 939 684 988 eum¹
709 913 859 987 Halmio
895 912 1040 1010 siguaui
1073 912 1191 986 littera
1225 913 1269 1010 Ο,
1297 943 1382 1015 gra-

247 1037 388 1112 tissime
427 1034 575 1109 adiutus
615 1033 752 1131 insigni
778 1031 996 1107 liberalitate
1022 1031 1267 1108 bibliotheoae
1285 1033 1382 1110 ¹Ber·-

248 1156 403 1250 nensis,³
425 1179 522 1253 quae
548 1154 760 1252 fragmenta
785 1151 984 1226 Beruensia
1024 1153 1099 1228 huo
1134 1155 1382 1250 transmittere

249 1303 325 1350 non
352 1275 548 1350 dubitauit.

301 1401 450 1486 Nonam
476 1437 567 1485 uero
582 1409 799 1510 epistolam,
835 1429 921 1508 qua
935 1410 1132 1486 Saluianus
1160 1412 1290 1488 edocet
1315 1441 1384 1489 our

247 1523 363 1606 ‘libris
391 1531 465 1606 IIII
492 1531 541 1605 ad
567 1525 782 1606 Hoolesiam'
809 1531 995 1604 Timothei
1020 1557 1157 1606 nomen
1174 1543 1250 1607 non
1274 1517 1383 1609 suum

249 1653 488 1752 inscripserit,
517 1652 617 1726 solus
639 1651 756 1725 sodex
773 1649 962 1724 Parisinus
981 1676 1015 1726 n.
1038 1637 1142 1726 2785
1158 1678 1251 1728 saec.
1274 1653 1384 1729 VIIII

250 1773 407 1847 exhibet.
450 1773 603 1847 eandem
642 1785 678 1847 et
705 1771 970 1848 Siohardus'
991 1775 1165 1873 princeps
1199 1773 1318 1849 editor
1343 1776 1382 1849 in

249 1919 317 1967 suo
345 1893 530 1967 nesoim'sm
555 1919 628 1991 quo
656 1893 749 1966 libro
775 1892 976 1966 inuenerat.
1019 1894 1129 1966 etiam
1157 1894 1257 1969 huno
1284 1895 1382 1969 eodi-

249 2039 329 2087 oern
368 2013 448 2112 ipse
488 2010 626 2088 eontuli
667 2001 703 2085 et
744 1999 915 2086 editionis
944 1997 1215 2088 ‘Siohardianae
1256 2015 1381 2112 (hasil.

241 2131 365 2234 1528)
393 2157 504 2231 quam
532 2133 714 2231 inspicere
740 2157 816 2204 non
842 2130 948 2208 liouit
964 2134 1089 2207 uarias
1117 2134 1319 2232 scripturas
1338 2163 1382 2210 ex

248 2253 389 2326 Halmii
414 2252 575 2326 editione
602 2252 718 2326 adieci
744 2252 796 2324 ita
813 2263 856 2325 ut
873 2252 1010 2327 codicis
1030 2255 1231 2353 scripturas
1256 2255 1381 2330 littera

248 2373 285 2446 B
312 2372 480 2447 editionis
507 2372 683 2472 principis
711 2371 882 2470 litteram
912 2373 1108 2470 signarem,
1144 2433 1159 2456 „

300 2515 695 2600 Restat'breuiusoula
722 2527 877 2625 epistola
895 2538 1026 2602 octaua
1055 2529 1094 2602 in
1119 2529 1290 2629 pluribus
1318 2531 1382 2606 ad·

249 2647 322 2721 huo
365 2648 555 2722 oodioibus
573 2693 576 2699 ·
595 2657 752 2748 reperta,
795 2648 833 2720 in
866 2647 999 2746 quibus
1033 2648 1263 2750 plerumque·
1282 2677 1382 2751 prae-

246 2766 362 2841 missa
396 2780 551 2866 apparet
576 2768 794 2842 Eucherii
828 2767 956 2843 libello
984 2759 1042 2844 ‘de
1075 2755 1242 2846 formulis
1270 2754 1382 2872 'spiri-

248 2887 335 2962 talis¹
359 2887 649 2986 intellegentiae,
679 2888 802 2987 quode
828 2888 868 2962 in
894 2889 975 2988 ipsa
994 2889 1147 2990 epistola
1165 2917 1285 2966 sermo
1314 2905 1397 2968 est

242 3006 435 3082 oodioibus
475 2997 652 3082 Parisinis
692 3012 740 3084 ab
781 3009 973 3084 Halmio
992 3047 993 3052 ,
1014 2999 1201 3101 adhibitis,
1246 2998 1384 3089 seilicet

247 3156 283 3202 n.
314 3117 438 3201 95559
476 3153 569 3203 saee
599 3117 671 3202 VII
704 3156 733 3203 s.
754 3129 844 3205 VIlI
864 3161 910 3196 ε
931 3131 983 3223 A,
1011 3157 1046 3205 n.
1076 3134 1197 3205 12237
1227 3133 1320 3225 (siue
1348 3137 1381 3212 S.

246 3232 369 3324 Germ
387 3235 437 3321 'nss
459 3251 549 3345 808)
576 3275 670 3326 saeo.
691 3251 801 3325 VIIII
828 3279 856 3330 s.
883 3251 919 3325 X
939 3285 985 3318 =
1005 3252 1051 3343 B,
1079 3237 1116 3326 n.
1138 3237 1268 3328 12236'
1289 3253 1382 3354 (siue

248 3367 283 3444 S.
313 3367 435 3446 Germ.
455 3396 490 3441 n.
515 3367 603 3472 862)
630 3370 855 3464 ease-VIIII
882 3399 910 3446 s.
931 3374 968 3446 X
988 3406 1034 3438 =
1059 3371 1097 3466 O,
1127 3373 1253 3446 addidi
1272 3361 1382 3447 ³Pari-

241 3491 368 3565 sinum
395 3516 432 3568 n.
447 3492 554 3564 *21:82
583 3515 675 3568 aueo.
700 3490 798 3575 XIII
815 3526 870 3574 a:
889 3493 947 3586 D3
976 3493 1148 3590 quintum
1174 3510 1381 3570 ueroieun·

247 3609 406 3707 demque
441 3608 650 3684 Parisinum
685 3637 721 3684 n.
753 3615 857 3705 17921
889 3638 983 3694 eaeo.
1011 3613 1123 3686 XIIII
1157 3624 1199 3688 ut
1233 3616 1382 3690 infimae

246 3739 357 3805 notae
386 3741 422 3804 et
447 3728 546 3816 uitiis
573 3723 775 3807 scatentem
802 3733 918 3808 omisi.

298 3883 462 3964 Ventum
489 3883 605 3982 igitur
632 3885 785 3963 estad

367 4021 612 4098 Timothei
637 4022 783 4112 libros
807 4025 885 4102 1111
912 4029 967 4102 ad
995 4027 1262 4104 Eeolesiam

248 4184 383 4258 eosque
409 4157 528 4234 multo
555 4159 657 4258 prius
677 4188 789 4260 quam
810 4164 924 4240 libros
950 4159 1008 4239 ‘de
1026 4165 1294 4263 gubernatione
1313 4165 1383 4240 dei*
1407 4211 1408 4214 π

246 4305 269 4352 a
288 4276 464 4355 Saluiano
483 4281 708 4379 compositos
731 4284 980 4383 uulgatosque
998 4297 1034 4360 et
1046 4285 1167 4384 uulgo
1194 4284 1384 4380 ‘aduersus

247 4398 452 4475 auaritiam’
481 4400 689 4500 inscriptos.
