3178 5100
540 485 706 555 epistolae
727 485 870 542 11-1111.

425 812 431 826 ·
532 776 761 860 llPlSTOLll
793 776 876 859 HII.

148 983 313 1065 Hypatio
357 983 395 1047 et
432 981 594 1062 Quietae
636 981 867 1064 parentibus
911 979 1145 1066 Saluianus,
1183 981 1296 1053 Pal-l

419 1084 540 1162 ladia,
565 1084 795 1166 Auspiciola
816 1085 993 1149 salutem.

185 1208 304 1272 Paulus
327 1206 498 1290 apostolus,
522 1205 684 1271 electionis
707 1221 780 1283 aas,
804 1204 955 1288 magister
976 1205 1049 1270 fidei
1073 1208 1104 1270 et
1127 1209 1266 1289 recepta-

128 1309 250 1374 eculum
279 1308 338 1388 dei,
367 1327 439 1374 cum
462 1327 567 1376 omnes
598 1309 744 1393 epistolas
767 1327 839 1373 suas
862 1309 970 1392 utpote
994 1308 1267 1391 eloquentissimus

146 1413 193 1476 uir
222 1411 404 1488 dictauerit‚
438 1413 623 1494 quibusdam
652 1417 756 1477 tamen
785 1430 847 1476 non
877 1430 968 1477 suum
999 1415 1124 1476 tantum
1155 1431 1267 1477 nomen

145 1515 311 1598 inscripsit,
335 1515 488 1599 siquidem
511 1518 544 1580 in
566 1514 637 1580 aliis
659 1514 790 1593 Siluani,
813 1514 847 1578 in
870 1514 1029 1579 nonnullis
1045 1515 1211 1593 Timothei,
1234 1516 1268 1580 in

146 1619 329 1700 quibusdam
353 1637 427 1684 uero
448 1620 610 1700 utriusque
633 1618 751 1683 nomini
774 1637 865 1684 suum
887 1637 999 1684 nomen
1023 1619 1173 1684 adiunxit.
1212 1637 1267 1685 cur

145 1723 199 1787 id?
233 1723 384 1804 primum,
413 1724 518 1800 credo,
547 1726 584 1787 ut
606 1721 701 1787 simul
730 1739 796 1786 esse
823 1726 1062 1805 agnoscerentur
1091 1723 1144 1804 qui
1173 1722 1268 1787 simul

30 1871 31 1908 ,
116 1824 331 1891 ascriberent:
363 1823 475 1889 deinde
504 1827 539 1891 ut
561 1824 594 1902 ii,
622 1825 677 1907 qui
705 1823 873 1908 separatim
897 1827 935 1890 ab
959 1842 1140 1907 unoquoque
1161 1842 1268 1890 eorum

146 1929 246 1992 edocti
281 1929 414 2003 fueraut,
450 1928 566 1992 scirent
600 1927 740 1993 omnium
768 1947 829 1994 non
857 1928 1032 2010 discrepare
1061 1929 1266 1994 sententiam:

148 2036 311 2112 postremo,
335 2037 371 2096 ut
387 2049 462 2115 quos
478 2031 672 2116 singulorum
688 2051 750 2097 non
765 2033 912 2098 mouebat
927 2032 1104 2109 auctoritas,
1129 2035 1267 2097 omnium

147 2135 248 2199 saltim
279 2137 417 2200 moueret
446 2136 605 2200 adsensus.
640 2136 687 2200 ita
716 2155 788 2220 ergo
818 2139 849 2200 et
876 2155 948 2217 nos,
984 2136 1195 2219 exemplorum
1217 2136 1297 2204 in·2

146 2239 284 2320 gentium
314 2239 404 2320 parui
432 2239 614 2316 imitatores,
644 2242 683 2304 ad
711 2257 775 2314 uos,
808 2259 884 2321 quos
907 2240 1017 2302 natura
1039 2242 1184 2319 parentes
1207 2237 1267 2302 fide

117 2341 255 2406 roiratres
278 2341 391 2406 honore
414 2343 554 2406 dominos
570 2341 729 2420 habemus,
753 2361 825 2422 non,
848 2345 884 2406 ut
901 2341 1032 2424 apostoli
1050 2341 1108 2422 illi,
1133 2341 1268 2405 auctori·

146 2445 208 2508 tate
231 2445 412 2509 docentium
440 2444 615 2523 scribimus,
643 2446 696 2509 sed
719 2444 899 2509 hnmilitate
929 2443 1126 2521 famulorum,
1156 2445 1267 2525 utqui

147 2546 292 2612 hactenus
320 2546 515 2630 singulorum
543 2549 720 2613 nostrorum
752 2547 892 2629 epistolis
916 2565 977 2611 non
1006 2545 1084 2611 moti
1112 2546 1185 2610 estis
1215 2547 1267 2611 uel

146 2669 225 2714 nune
253 2652 393 2715 omnium
423 2650 636 2716 obsecratione
664 2653 860 2730 moneamini,
893 2667 1009 2732 nosque
1032 2648 1112 2714 filios
1136 2651 1266 2731 uestrae,

146 2771 182 2817 ne
205 2754 259 2837 qui
283 2773 318 2817 er
341 2753 495 2836 superfluo
518 2757 621 2818 metus
645 2755 696 2832 sit,
726 2756 758 2819 et
780 2753 874 2818 simul
897 2753 1002 2818 sciatis
1026 2771 1094 2819 esse
1116 2753 1147 2818 et
1168 2773 1267 2819 unum

111 2858 257 2921 oseneire
287 2857 403 2938 pariter
427 2861 457 2922 et
480 2859 617 2922 metuere
639 2861 669 2922 et
694 2857 866 2940 aequaliter
897 2859 1081 2940 supplicare,
1111 2877 1171 2924 non
1194 2859 1268 2941 quia

143 2963 277 3025 sciamus
300 2979 339 3025 an
362 2980 416 3025 uos
439 2961 583 3026 omnibus
605 2961 800 3039 irascamini,
824 2962 878 3025 sed
900 2962 974 3043 quia
996 2979 1052 3026 nos
1074 2980 1136 3026 non
1159 2980 1268 3043 possu-

142 3081 211 3127 mus
235 3081 328 3128 causa
350 3083 415 3130 esse
439 3065 541 3130 diuisi.
575 3066 657 3130 idem
681 3065 763 3130 enirn
787 3064 878 3128 nobis
902 3065 1068 3129 admodum
1084 3068 1186 3130 metus
1210 3069 1298 3144 est,3

142 3168 267 3232 etiamsi
301 3187 364 3233 non
398 3169 504 3233 eadem
538 3169 662 3234 uidetur
696 3169 819 3234 offensa.
864 3167 975 3233 caritas
1012 3169 1125 3251 quippe
1157 3170 1268 3231 mutua

141 3271 229 3347 facit,
253 3274 290 3336 ut
310 3273 387 3336 licet
411 3289 465 3337 uos
489 3292 550 3338 non
572 3273 696 3354 utrique
712 3271 817 3336 forsan
841 3271 1055 3350 suscenseatis,
1078 3290 1139 3335 unc
1162 3275 1267 3335 tamen

107 3387 176 3438 2⁵er
199 3373 292 3438 nobis
315 3393 367 3440 reo
389 3376 469 3440 alter
491 3376 558 3440 sine
587 3374 718 3439 tristitia
746 3377 851 3439 reatus
873 3391 940 3439 esso
963 3393 1022 3439 non
1046 3375 1153 3456 possit.
1188 3375 1268 3439 illud

141 3495 216 3540 sane
251 3478 309 3552 est,
345 3479 425 3560 quod
460 3497 516 3543 nos
547 3478 732 3543 contendere
763 3477 795 3540 in
826 3478 928 3559 aliquo
953 3480 983 3541 et
1011 3478 1130 3543 certare
1157 3479 1267 3542 mutuo

141 3580 249 3662 faciat,
281 3582 361 3662 quod
386 3599 456 3646 cum
479 3585 568 3647 ambo
598 3581 655 3646 filii
679 3582 775 3646 uestri
800 3582 970 3664 aequaliter
992 3582 1039 3646 rei
1061 3581 1168 3660 simus,
1197 3582 1266 3662 plus

140 3683 249 3748 tamen
280 3687 489 3767 unnsquisque
518 3686 661 3751 nostrum
690 3703 745 3769 pro
775 3685 874 3750 altero
905 3703 999 3766 quam
1029 3703 1084 3767 pro
1107 3703 1140 3749 se
1164 3684 1265 3748 timet.

138 3789 285 3868 parentes
318 3788 484 3866 carissimi,
519 3790 661 3870 parentes
695 3787 958 3862 reuerendissimi,
993 3788 1179 3870 interrogari
1212 3790 1302 3866 uosd¹

192 4081 283 4138 1v11
301 4082 332 4136 irc
350 4079 446 4152 mpLO
547 4077 728 4148 2ypati00
828 4078 927 4147 4uas]
952 4094 1013 4132 suas
1027 4078 1124 4146 potore
1143 4080 1267 4142 spueret.

141 4169 165 4224 0
273 4167 456 4222 ltimcteiO
557 4165 591 4220 10
608 4166 694 4221 hiiO
794 4165 827 4219 19
845 4181 878 4218 ne
896 4165 941 4234 qui
956 4162 1136 4234 praecedente
1153 4163 1267 4216 Rittere·

135 4257 220 4310 tosio
238 4253 381 4310 Helonius:
405 4269 466 4322 neq;
490 4251 513 4310 O
614 4253 648 4306 24
671 4251 759 4305 forsan
778 4269 812 4305 ece
830 4249 928 4305 lorsam
946 4267 980 4304 m.
998 4255 1022 4315 1,
1044 4254 1076 4302 ut
1092 4247 1159 4314 uid,
1179 4247 1202 4302 0

134 4343 170 4398 25
190 4341 300 4412 possint
313 4347 410 4410 parcet.
428 4357 446 4394 n
470 4341 493 4396 O
578 4338 612 4391 29
630 4337 840 4391 reuerentissimi
863 4337 886 4392 0
969 4336 1134 4404 interrogare
1151 4335 1268 4390 Ritters-

134 4429 238 4484 humus
