3134 5098
499 439 536 493 ee
554 439 690 508 gubern.
709 438 762 493 ear
784 439 798 494 1
817 442 832 503 s
851 438 961 496 ao-ar.
1254 423 1301 506 13'

165 629 291 696 ecclesia
316 631 526 714 supplicantes
549 629 745 710 praesentem
761 627 850 692 nobis
867 629 1001 694 salutem
1017 630 1108 696 adeo
1123 630 1299 714 poscimus,

163 734 191 798 si
213 735 383 800 audiendos
407 753 462 800 nos
485 733 608 816 penitus
631 750 691 797 nou
714 735 883 814 putemne?
916 733 1005 798 nulla
1028 751 1101 817 ergo
1125 733 1213 798 nobie
1229 723 1294 816 'pro

163 837 436 904 incolumitatibus
459 854 494 902 ec
516 835 773 919 prosperitatibus
802 833 917 898 nostris
946 838 1021 900 uota
1044 835 1184 901 iacienda
1208 841 1293 904 sunt.

163 939 240 1023 quin
262 939 376 1023 potius,
400 940 437 1006 ut
458 938 613 1005 modestia
635 937 874 1020 supplicationis
898 955 1008 1004 uocem
1025 938 1169 1005 conciliet
1184 944 1291 1021 postu-

139 1043 270 1121 slautis,
295 1042 461 1110 dicendum
477 1042 606 1106 fortasse
622 1041 711 1106 nobis
728 1042 792 1107 eet:
816 1041 948 1119 domine,
973 1060 1033 1106 non
1049 1043 1290 1125 prosperitatem

92 1193 94 1200 ,
160 1147 248 1212 uitae
276 1147 367 1212 istius
395 1146 530 1229 petimus
552 1163 608 1210 neo
631 1163 686 1227 pro
708 1143 798 1210 bonis
821 1145 1038 1226 praesentibus
1061 1147 1294 1228 supplicamns:

160 1253 277 1316 scimus
312 1249 395 1316 enim
430 1267 518 1316 aures
553 1250 624 1322 tuae
654 1249 703 1312 bis
734 1248 997 1314 obsecrationibus
1028 1250 1147 1316 clausas
1175 1269 1239 1315 esse
1261 1253 1294 1318 et

160 1357 306 1422 auditum
340 1358 371 1420 te
401 1355 440 1420 ud
469 1371 574 1437 preces
609 1351 784 1417 istiusmodi
813 1369 876 1416 non
906 1353 1037 1432 habere,
1072 1353 1125 1417 sed
1155 1373 1211 1436 pre
1241 1354 1292 1420 his

160 1460 383 1526 tantummodo
411 1456 565 1540 petimus,
596 1474 674 1537 quae
702 1441 776 1520 sunt
804 1455 912 1520 futura
940 1461 1010 1538 post
1043 1459 1187 1522 mortem.
1227 1450 1346 1524 esto24

123 1565 263 1648 roigitnr
292 1562 462 1645 postulatio
492 1559 567 1626 talis
597 1559 737 1624 utilitate
764 1576 824 1624 non
847 1563 966 1624 careat:
997 1559 1149 1642 quomodo
1172 1560 1293 1628 rationo

161 1665 330 1732 subsistit?
363 1663 390 1730 si
419 1663 503 1728 enim
531 1662 605 1726 deus
629 1681 648 1728 a
669 1663 811 1745 respectu
844 1661 937 1727 huius
972 1663 1088 1728 saeculi
1111 1683 1220 1730 curam
1242 1673 1311 1730 re-'
1363 1706 1367 1712 -

161 1770 328 1834 monetet
357 1765 584 1852 postulantium
615 1764 760 1848 precibus
792 1784 878 1832 aures
907 1785 980 1832 snas
1009 1767 1141 1845 clandit,
1177 1771 1294 1849 absque

162 1873 276 1948 dubie,
305 1871 358 1955 qui
382 1888 444 1936 non
467 1867 557 1934 audit
578 1887 634 1934 nos
658 1886 714 1950 pro
737 1869 967 1950 praesentibus,
1000 1888 1060 1936 non
1082 1871 1171 1936 audit
1194 1871 1292 1936 etiam

162 1995 219 2060 pro
243 1975 372 2058 futuris,
402 1975 461 2038 nisi
485 1973 564 2038 forte
588 1971 742 2037 oredimus
766 1991 821 2055 pro
845 1991 972 2056 precum
996 1974 1179 2040 diuersitate
1202 1993 1292 2040 aures
1332 1977 1334 1981 ’

125 2098 151 2138 15
163 2098 238 2144 suas
261 2077 421 2144 Christum
443 2077 493 2142 uel
509 2076 647 2141 tribuere
670 2077 722 2140 uel
745 2095 865 2160 negare,
889 2077 920 2142 id
945 2080 1004 2159 est,
1028 2078 1065 2143 ut
1088 2077 1216 2142 claudat
1239 2095 1292 2142 eas

163 2201 235 2248 cnm
266 2181 394 2265 rogatur
424 2182 613 2263 praesentia,
645 2180 765 2263 aperiet
788 2199 859 2245 oum
882 2180 997 2246 futura.
1036 2181 1089 2246 sed
1112 2181 1149 2245 de
1171 2181 1220 2246 bis
1244 2175 1347 2246 cli-25

163 2287 296 2351 cendum
320 2285 454 2367 amplius
478 2303 537 2350 non
561 2287 625 2365 est3
648 2285 713 2348 tarn
737 2284 836 2348 stulta
852 2283 935 2348 enim
951 2285 1024 2348 snut
1039 2287 1071 2348 et
1086 2285 1152 2350 tam
1166 2284 1291 2363 frinula,

163 2391 200 2452 ut
223 2387 395 2454 cauendum
419 2387 471 2470 sit,
502 2406 540 2451 ne
562 2386 595 2452 id
617 2386 730 2469 ipsum,
761 2387 841 2468 quod
870 2403 925 2468 pro
952 2387 1067 2451 bonore
1091 2387 1142 2452 dei
1165 2386 1291 2470 dicitur,

162 2490 280 2556 iniuria
302 2490 351 2556 dei
375 2509 442 2554 esse
472 2490 624 2556 uideatur.
664 2491 754 2555 tanta
782 2490 967 2572 qnippeest
989 2489 1163 2555 maiestatis
1186 2509 1293 2556 sacrae

123 2597 197 2658 roet
219 2600 285 2660 tam
309 2593 471 2658 tremenda
493 2592 682 2687 reuerentia,
715 2595 750 2656 ut
773 2610 834 2657 non
858 2593 960 2658 selum
983 2612 1033 2672 ea,
1065 2613 1143 2676 quac
1166 2594 1204 2659 ab
1227 2593 1291 2658 illis
1326 2675 1331 2688 υ

163 2701 273 2763 contra
296 2697 479 2780 religionem
501 2699 664 2774 dicuntur,
690 2695 828 2775 horrere,
860 2697 915 2762 sed
939 2700 1034 2762 etiam
1057 2717 1106 2777 ea,
1137 2715 1215 2779 quae
1237 2716 1292 2780 pro

165 2802 316 2884 religione
349 2819 404 2867 nos
435 2800 496 2883 ipsi
528 2800 671 2879 dicimus,
707 2817 776 2864 cum
808 2801 919 2882 grandi
948 2804 1036 2866 metu
1060 2819 1096 2865 ac
1127 2800 1293 2884 disciplina

165 2905 269 2970 dicere
294 2904 468 2970 debeamus.
505 2903 603 2988 igitur
625 2902 653 2968 si
675 2903 772 2968 stulte
796 2905 888 2985 atque
911 2903 1007 2986 impie
1029 2903 1181 2982 creditur,
1212 2898 1347 2988 quodid

163 3026 274 3074 curam
301 3026 405 3074 rerum
433 3007 643 3074 humanarum
672 3007 773 3089 pietas
802 3007 912 3072 diuina
934 3007 1101 3089 despiciat,
1137 3025 1210 3092 ergo
1232 3026 1291 3072 non

122 3133 150 3174 oe
162 3111 311 3192 despicit:
345 3113 372 3178 si
393 3115 499 3176 antem
529 3127 591 3176 non
620 3111 767 3193 despicit,
799 3112 896 3196 regit:
929 3111 955 3176 si
978 3112 1083 3178 autem
1106 3111 1204 3196 regit,
1235 3111 1294 3176 hoc

161 3215 234 3298 ipsc
257 3217 336 3297 quod
364 3214 445 3297 regit
475 3212 608 3293 indicat,
644 3214 716 3296 qnia
738 3213 878 3298 regimen
901 3233 969 3280 esse
993 3233 1054 3279 non
1076 3215 1196 3298 potest,
1233 3214 1293 3280 nisi

161 3318 262 3383 fuerit
285 3317 400 3400 iugiter
422 3319 454 3382 iu
477 3320 596 3384 rectore
618 3315 778 3384 iudicium.

208 3457 264 3522 VI.
289 3455 350 3548 Sed
370 3475 479 3539 parum
503 3473 570 3520 esse
592 3455 724 3521 fortasse
747 3455 902 3539 quispiam
919 3454 1019 3537 putet,
1043 3457 1124 3538 quod
1140 3457 1198 3521 boc
1213 3447 1344 3522 ratio2'l

162 3561 316 3645 declarat,
340 3561 401 3625 nisi
423 3558 750 3642 probetur'eremplis.
788 3558 951 3623 uideamus
982 3559 1117 3640 qualiter
1139 3562 1292 3625 mundum

121 3683 181 3732 eoa
206 3665 359 3748 principio
381 3667 455 3730 dens
479 3664 600 3740 rexerit,
626 3665 659 3728 et
680 3664 725 3728 ita
742 3682 813 3729 eum
835 3680 956 3744 semper
979 3665 1083 3728 omnia
1105 3663 1293 3747 gubernasse

158 3769 422 3852 monstrabimus,
446 3770 483 3832 ut
504 3767 597 3832 simul
622 3769 716 3832 etiam
738 3768 890 3832 iudicasse
913 3767 1087 3832 doceamus.
1111 3767 1184 3849 quid
1208 3767 1292 3832 enim

220 4045 306 4098 las.
325 4045 342 4100 l.
363 4060 395 4098 m.
415 4049 431 4098 1
448 4044 475 4097 A
578 4042 743 4096 2andiendo
761 4043 788 4096 A
893 4044 909 4097 3
933 4043 1161 4097 incolomitatibus
1183 4043 1211 4096 B
1230 4044 1293 4111 ple·

158 4145 282 4200 romaque
385 4132 460 4185 beet
477 4130 553 4184 nobis
572 4131 687 4184 fortasse
705 4131 732 4183 B
835 4131 975 4200 8praeoes
993 4131 1020 4184 A
1124 4132 1154 4185 ll
1174 4133 1294 4185 remouet

158 4221 189 4274 A
219 4217 293 4287 qood
318 4218 423 4272 retinui
449 4222 555 4272 maiolo
582 4223 709 4286 amoenis
735 4217 833 4270 clausit
858 4219 890 4271 iu
917 4217 1029 4281 claudit3
1061 4216 1112 4282 cfr.
1137 4216 1202 4271 Stre.
1226 4217 1292 4271 Ber.

156 4323 190 4374 p.
211 4307 251 4358 24
286 4305 401 4358 remouit
418 4304 446 4358 Β
554 4304 586 4357 17
609 4301 708 4358 friunla
724 4305 763 4359 otc
780 4305 807 4358 A
825 4305 939 4373 ubique.-
965 4303 1063 4357 friuola
1080 4303 1108 4356 B
1125 4303 1224 4373 abique

162 4391 201 4446 22
223 4390 322 4460 grandi
346 4407 379 4445 ex
402 4391 502 4460 grande
520 4393 547 4445 A
565 4407 633 4448 corr.
653 4408 687 4446 m.
706 4393 726 4446 2
829 4392 863 4446 24
884 4392 1059 4446 humanarum
1084 4407 1174 4445 rernm
1187 4393 1224 4446 ‘B
