3134 5098
1237 477 1308 533 xm

226 667 341 744 Cuius
376 666 525 765 quidem
562 664 733 765 opusculi
757 677 832 742 tres
859 677 1013 760 tantum,
1050 667 1152 766 quod
1179 667 1307 762 sciam,

175 789 225 864 ad
251 797 418 863 nostram
444 796 599 860 aetatem
626 786 1056 886 peruenenmtcodices.
1084 787 1123 860 hi
1150 798 1254 862 sunt:

213 961 248 1034 A
277 947 332 1026 ---ι
352 957 467 1034 codex
492 955 684 1036 Parisinus
711 961 868 1036 111172
899 984 994 1034 saec.
1013 959 1060 1054 X,
1090 959 1196 1035 cuius
1223 985 1309 1035 con-

276 1079 413 1155 latione
454 1078 564 1178 (mitti
600 1078 697 1151 enim
726 1105 769 1150 ex
798 1077 1023 1154 bibliotheca
1050 1079 1123 1154 alio
1138 1079 1207 1162 ¹fas
1233 1106 1310 1155 non

279 1205 357 1295 est),
385 1197 451 1274 ubi
475 1198 896 1278 ¹commentatiunculam
931 1199 1170 1297 praefationis
1197 1199 1309 1274 huius

277 1298 379 1394 initio
405 1331 648 1426 memoratam
684 1318 896 1418 conscripsi,
934 1319 1130 1402 destitutus
1167 1321 1309 1419 acquie-

277 1466 378 1514 scere
405 1439 564 1540 coge‘bar
589 1439 634 1516 iis
671 1466 763 1538 quae
798 1438 1014 1518 Halmius
1050 1441 1089 1515 in
1126 1453 1309 1541 apparatu

277 1562 401 1636 critico
429 1587 497 1636 suo
525 1561 700 1636 enotauit.
741 1572 871 1660 postea
903 1587 991 1636 uero
1019 1573 1172 1660 rogante
1200 1561 1308 1636 Har-

275 1681 397 1755 telio
426 1679 585 1756 eundem
609 1681 654 1757 F.
675 1681 991 1760 Weihriohius
1008 1682 1307 1758 vindobonensis

275 1800 527 1876 liberalissime
553 1800 831 1898 diligentissime
849 1800 1123 1901 religiosissime
1140 1803 1177 1875 in
1197 1829 1308 1878 usum

161 1962 163 1966 ·
275 1947 401 1996 meum
428 1903 604 1996 tractauit
628 1907 913 2022 retractauitque
938 1933 974 1997 11
1000 1932 1192 2021 tamquam
1222 1950 1306 1998 cum

275 2041 486 2145 puluisculo
531 2042 708 2117 exhausit.
765 2043 825 2117 cui
864 2043 945 2117 uiro
991 2023 1206 2118 doctissimo
1245 2044 1308 2118 hic

276 2161 414 2260 gratian
441 2187 533 2260 quas
560 2173 713 2264 possum
739 2163 919 2238 maximas
946 2189 1057 2262 agere
1081 2163 1201 2238 liceat.

224 2351 267 2426 In
296 2379 372 2450 quo
389 2351 514 2426 codice
532 2378 617 2427 cum
636 2353 880 2427 correctiones
899 2353 1089 2452 pauciores
1107 2354 1192 2448 sint,
1212 2380 1307 2452 quas

173 2470 338 2545 eiusdem
370 2471 513 2547 librarii
545 2499 659 2546 manu
694 2474 790 2547 inter
816 2471 1053 2548 scribendum
1081 2475 1198 2548 lactas
1226 2500 1331 2550 esse.

171 2590 299 2690 liquet,
335 2593 529 2691 permultis
561 2593 651 2668 loeis
664 2625 669 2638 ’
683 2620 817 2668 manus
845 2592 1074 2668 emendatrix
1101 2593 1308 2668 admodum

171 2737 312 2806 recens,
340 2739 454 2811 quam
481 2713 627 2812 signaui
652 2741 699 2789 m.
728 2719 763 2809 2,
801 2715 897 2804 iusto
932 2715 1104 2791 licentius
1139 2727 1306 2814 grassata

173 2843 238 2928 est
290 2833 521 2932 paucissimis
561 2835 652 2910 locis
690 2839 821 2911 manus
860 2837 971 2911 tertia
1011 2835 1223 2929 admodum,
1264 2847 1307 2910 ut

173 2963 272 3026 certe
312 2953 469 3049 uidetur,
515 2954 669 3054 antiqua
709 2957 879 3051 occurrit
922 2967 1035 3055 qu'am
1075 2967 1200 3030 tamen
1236 2982 1305 3054 pro

172 3072 405 3172 singulorum
439 3075 580 3149 ratione
615 3077 863 3151 necessarium
900 3077 1053 3152 omnino
1080 3103 1157 3150 non
1184 3077 1306 3150 uisum

172 3204 229 3266 est
256 3195 434 3269 adnotare
460 3195 599 3270 nedum
626 3207 716 3270 nota
742 3197 918 3295 singulari
945 3197 1180 3296 significare..

212 3348 249 3421 B
276 3383 323 3416 =
352 3351 473 3452 codex,
493 3353 683 3426 Parisinus
710 3353 911 3427 membran.
940 3379 977 3426 n.
1006 3355 1105 3426 2785
1134 3377 1229 3426 saec.
1249 3353 1306 3429 XI

276 3495 383 3568 quem
410 3483 496 3571 post
522 3471 756 3546 Halmium
786 3473 923 3573 etipse
950 3471 1098 3548 contuli.

228 3625 248 3697 b
277 3659 324 3691 =
345 3625 461 3701 codex
479 3627 667 3702 Parisinus
686 3628 887 3704 membran.
914 3656 950 3718 n,
971 3631 1070 3702 2173
1098 3654 1191 3704 saec.
1211 3629 1305 3704 XIII

217 3776 219 3780 ·
275 3771 387 3847 quem
421 3759 464 3822 ut
500 3747 666 3823 codicem
696 3748 733 3821 B
766 3749 841 3824 iam
877 3747 1101 3848 Baluzius
1137 3737 1304 3857 adhibuit

274 3892 344 3941 nec
388 3867 507 3941 solum
548 3868 718 3943 adhibuit
757 3869 823 3944 sed
863 3869 975 3942 etiam
1019 3869 1115 3945 iusto
1157 3869 1304 3970 saepius

274 3967 423 4062 secutus
451 3999 515 4081 est,
543 3988 582 4063 id
602 3991 706 4087 *quod
735 3987 826 4064 locis
845 4001 903 4064 sat
918 3989 1046 4064 multis
1064 3989 1103 4064 in
1122 4003 1304 4090 apparatu

277 4106 403 4182 cm‘tico
431 4099 612 4183 euincere>
625 4108 809 4207 placebat.
917 4189 919 4192 ,

224 4276 378 4368 Quibus·
403 4281 578 4356 subsidiis
599 4281 770 4382 >denique
806 4282 943 4358 addere
978 4309 1054 4358 non
1089 4283 1155 4358 ab's
1181 4309 1222 4358 re
1248 4287 1303 4360 ui·

171 4421 253 4471 sum
282 4411 336 4473 est
