<?xml version="1.0" encoding="UTF-8"?>
<!DOCTYPE html PUBLIC "-//W3C//DTD XHTML 1.0 Transitional//EN"
    "http://www.w3.org/TR/xhtml1/DTD/xhtml1-transitional.dtd">
<html xmlns="http://www.w3.org/1999/xhtml" xml:lang="en" lang="en">
 <head>
  <title>
</title>
<meta http-equiv="Content-Type" content="text/html;charset=utf-8" />
  <meta name='ocr-system' content='tesseract 3.04.00' />
  <meta name='ocr-capabilities' content='ocr_page ocr_carea ocr_par ocr_line ocrx_word'/>
</head>
<body>
  <div class='ocr_page' id='page_1' title='image "./corpusscriptoru07wissgoog_0043.png"; bbox 0 0 3134 5098; ppageno 0'>
   <div class='ocr_carea' id='block_1_1' title="bbox 295 479 935 554">
    <p class='ocr_par' dir='ltr' id='par_1_1' title="bbox 295 479 935 554">
     <span class='ocr_line' id='line_1_1' title="bbox 295 479 935 554; baseline 0 -20"><span class='ocrx_word' id='word_1_1' title='bbox 295 486 338 554; x_wconf 81' lang='lat'>20</span> <span class='ocrx_word' id='word_1_2' title='bbox 696 524 700 534; x_wconf 92' lang='lat'>.</span> <span class='ocrx_word' id='word_1_3' title='bbox 781 479 935 536; x_wconf 75' lang='lat' dir='ltr'>Saluiani</span> 
     </span>
    </p>
   </div>
   <div class='ocr_carea' id='block_1_2' title="bbox 215 670 1459 3552">
    <p class='ocr_par' dir='ltr' id='par_1_2' title="bbox 215 670 1457 1690">
     <span class='ocr_line' id='line_1_2' title="bbox 215 670 1419 758; baseline -0.007 -15"><span class='ocrx_word' id='word_1_4' title='bbox 215 725 217 730; x_wconf 73' lang='lat'><em>·</em></span> <span class='ocrx_word' id='word_1_5' title='bbox 254 708 258 712; x_wconf 95' lang='lat'>·</span> <span class='ocrx_word' id='word_1_6' title='bbox 296 678 421 742; x_wconf 86' lang='lat' dir='ltr'>deserto.</span> <span class='ocrx_word' id='word_1_7' title='bbox 437 674 557 758; x_wconf 88' lang='lat' dir='ltr'>positus</span> <span class='ocrx_word' id='word_1_8' title='bbox 578 691 704 758; x_wconf 79' lang='lat' dir='ltr'>gregem</span> <span class='ocrx_word' id='word_1_9' title='bbox 726 673 844 754; x_wconf 86' lang='lat' dir='ltr'>pascit,</span> <span class='ocrx_word' id='word_1_10' title='bbox 872 671 986 736; x_wconf 85' lang='lat' dir='ltr'>rubum</span> <span class='ocrx_word' id='word_1_11' title='bbox 1008 673 1115 738; x_wconf 86' lang='lat' dir='ltr'>ardere</span> <span class='ocrx_word' id='word_1_12' title='bbox 1140 670 1302 754; x_wconf 88' lang='lat' dir='ltr'>conspicit,</span> <span class='ocrx_word' id='word_1_13' title='bbox 1326 670 1419 736; x_wconf 91' lang='lat' dir='ltr'>deum</span> 
     </span>
     <span class='ocr_line' id='line_1_3' title="bbox 296 774 1420 859; baseline -0.002 -15"><span class='ocrx_word' id='word_1_14' title='bbox 296 797 331 844; x_wconf 82' lang='lat' dir='ltr'>ex</span> <span class='ocrx_word' id='word_1_15' title='bbox 352 780 428 846; x_wconf 89' lang='lat' dir='ltr'>rubo</span> <span class='ocrx_word' id='word_1_16' title='bbox 446 777 543 857; x_wconf 90' lang='lat' dir='ltr'>audit,</span> <span class='ocrx_word' id='word_1_17' title='bbox 566 775 727 859; x_wconf 82' lang='lat' dir='ltr'>praecepta</span> <span class='ocrx_word' id='word_1_18' title='bbox 742 775 865 858; x_wconf 84' lang='lat' dir='ltr'>accipit,</span> <span class='ocrx_word' id='word_1_19' title='bbox 889 775 1044 857; x_wconf 76' lang='lat' dir='ltr'>potestate</span> <span class='ocrx_word' id='word_1_20' title='bbox 1059 775 1222 855; x_wconf 78' lang='lat' dir='ltr'>exaltatur,</span> <span class='ocrx_word' id='word_1_21' title='bbox 1247 776 1286 842; x_wconf 92' lang='lat' dir='ltr'>ad</span> <span class='ocrx_word' id='word_1_22' title='bbox 1299 774 1420 842; x_wconf 75' lang='lat' dir='ltr'>Phera-</span> 
     </span>
     <span class='ocr_line' id='line_1_4' title="bbox 296 878 1420 965; baseline -0.004 -18"><span class='ocrx_word' id='word_1_23' title='bbox 296 899 386 948; x_wconf 91' lang='lat' dir='ltr'>onem</span> <span class='ocrx_word' id='word_1_24' title='bbox 413 881 567 965; x_wconf 87' lang='lat' dir='ltr'>mittitur,</span> <span class='ocrx_word' id='word_1_25' title='bbox 596 881 684 947; x_wconf 89' lang='lat' dir='ltr'>uenit</span> <span class='ocrx_word' id='word_1_26' title='bbox 711 880 851 962; x_wconf 88' lang='lat' dir='ltr'>quuitur</span> <span class='ocrx_word' id='word_1_27' title='bbox 880 878 1092 947; x_wconf 89' lang='lat' dir='ltr'>contemnitur</span> <span class='ocrx_word' id='word_1_28' title='bbox 1114 880 1219 946; x_wconf 90' lang='lat' dir='ltr'>uincit.</span> <span class='ocrx_word' id='word_1_29' title='bbox 1257 880 1420 964; x_wconf 78' lang='lat' dir='ltr'>Aegyptus</span> 
     </span>
     <span class='ocr_line' id='line_1_5' title="bbox 295 982 1420 1069; baseline -0.004 -18"><span class='ocrx_word' id='word_1_30' title='bbox 295 985 477 1069; x_wconf 80' lang='lat' dir='ltr'>perentitur,</span> <span class='ocrx_word' id='word_1_31' title='bbox 499 983 671 1050; x_wconf 72' lang='lat' dir='ltr'>Pharaonis</span> <span class='ocrx_word' id='word_1_32' title='bbox 689 982 922 1050; x_wconf 86' lang='lat' dir='ltr'>¹inoboedientia</span> <span class='ocrx_word' id='word_1_33' title='bbox 948 984 1137 1050; x_wconf 89' lang='lat' dir='ltr'>uerberatur.</span> <span class='ocrx_word' id='word_1_34' title='bbox 1154 987 1186 1048; x_wconf 88' lang='lat' dir='ltr'>et</span> <span class='ocrx_word' id='word_1_35' title='bbox 1209 982 1335 1066; x_wconf 90' lang='lat' dir='ltr'>quidem</span> <span class='ocrx_word' id='word_1_36' title='bbox 1358 999 1420 1046; x_wconf 92' lang='lat' dir='ltr'>non</span> 
     </span>
     <span class='ocr_line' id='line_1_6' title="bbox 296 1086 1457 1170; baseline -0.001 -16"><span class='ocrx_word' id='word_1_37' title='bbox 296 1107 356 1154; x_wconf 91' lang='lat' dir='ltr'>uno</span> <span class='ocrx_word' id='word_1_38' title='bbox 385 1087 486 1168; x_wconf 86' lang='lat' dir='ltr'>modo,</span> <span class='ocrx_word' id='word_1_39' title='bbox 521 1088 641 1154; x_wconf 91' lang='lat' dir='ltr'>scilicet</span> <span class='ocrx_word' id='word_1_40' title='bbox 667 1088 704 1152; x_wconf 91' lang='lat' dir='ltr'>ut</span> <span class='ocrx_word' id='word_1_41' title='bbox 726 1088 796 1169; x_wconf 90' lang='lat' dir='ltr'>plus</span> <span class='ocrx_word' id='word_1_42' title='bbox 818 1086 987 1170; x_wconf 88' lang='lat' dir='ltr'>sacrilegus</span> <span class='ocrx_word' id='word_1_43' title='bbox 1021 1088 1204 1170; x_wconf 86' lang='lat' dir='ltr'>torqueatur</span> <span class='ocrx_word' id='word_1_44' title='bbox 1237 1086 1457 1155; x_wconf 77' lang='lat' dir='ltr'>dinarsItates</span> 
     </span>
     <span class='ocr_line' id='line_1_7' title="bbox 295 1189 1420 1274; baseline 0.002 -18"><span class='ocrx_word' id='word_1_45' title='bbox 295 1191 448 1274; x_wconf 91' lang='lat' dir='ltr'>supplicii.</span> <span class='ocrx_word' id='word_1_46' title='bbox 470 1193 511 1256; x_wconf 57' lang='lat' dir='ltr'>‘et</span> <span class='ocrx_word' id='word_1_47' title='bbox 534 1190 609 1273; x_wconf 90' lang='lat' dir='ltr'>quid</span> <span class='ocrx_word' id='word_1_48' title='bbox 631 1191 811 1274; x_wconf 77' lang='lat' dir='ltr'>postremo?</span> <span class='ocrx_word' id='word_1_49' title='bbox 833 1189 936 1256; x_wconf 89' lang='lat' dir='ltr'>decies</span> <span class='ocrx_word' id='word_1_50' title='bbox 957 1189 1090 1258; x_wconf 85' lang='lat' dir='ltr'>neballat</span> <span class='ocrx_word' id='word_1_51' title='bbox 1106 1190 1209 1256; x_wconf 89' lang='lat' dir='ltr'>decios</span> <span class='ocrx_word' id='word_1_52' title='bbox 1225 1191 1420 1258; x_wconf 74' lang='lat' dir='ltr'>uerberatum</span> 
     </span>
     <span class='ocr_line' id='line_1_8' title="bbox 295 1293 1420 1379; baseline 0 -19"><span class='ocrx_word' id='word_1_53' title='bbox 295 1295 369 1378; x_wconf 94' lang='lat' dir='ltr'>qnid</span> <span class='ocrx_word' id='word_1_54' title='bbox 382 1311 466 1379; x_wconf 84' lang='lat' dir='ltr'>ergo</span> <span class='ocrx_word' id='word_1_55' title='bbox 488 1293 646 1360; x_wconf 80' lang='lat' dir='ltr'>dicImus?</span> <span class='ocrx_word' id='word_1_56' title='bbox 678 1295 762 1378; x_wconf 75' lang='lat' dir='ltr'>pnto‘</span> <span class='ocrx_word' id='word_1_57' title='bbox 779 1295 862 1378; x_wconf 90' lang='lat' dir='ltr'>quod</span> <span class='ocrx_word' id='word_1_58' title='bbox 884 1295 917 1361; x_wconf 91' lang='lat' dir='ltr'>in</span> <span class='ocrx_word' id='word_1_59' title='bbox 939 1294 989 1360; x_wconf 92' lang='lat' dir='ltr'>his</span> <span class='ocrx_word' id='word_1_60' title='bbox 1011 1293 1157 1360; x_wconf 88' lang='lat' dir='ltr'>omnibus</span> <span class='ocrx_word' id='word_1_61' title='bbox 1181 1297 1212 1360; x_wconf 92' lang='lat' dir='ltr'>et</span> <span class='ocrx_word' id='word_1_62' title='bbox 1235 1311 1341 1360; x_wconf 88' lang='lat' dir='ltr'>curare</span> <span class='ocrx_word' id='word_1_63' title='bbox 1363 1311 1420 1377; x_wconf 89' lang='lat' dir='ltr'>pa·</span> 
     </span>
     <span class='ocr_line' id='line_1_9' title="bbox 295 1397 1420 1482; baseline -0.001 -19"><span class='ocrx_word' id='word_1_64' title='bbox 295 1399 371 1464; x_wconf 92' lang='lat' dir='ltr'>riter</span> <span class='ocrx_word' id='word_1_65' title='bbox 385 1409 449 1464; x_wconf 83' lang='lat' dir='ltr'>&#39;res</span> <span class='ocrx_word' id='word_1_66' title='bbox 479 1397 631 1464; x_wconf 85' lang='lat' dir='ltr'>hnmanae</span> <span class='ocrx_word' id='word_1_67' title='bbox 661 1400 754 1464; x_wconf 91' lang='lat' dir='ltr'>deum</span> <span class='ocrx_word' id='word_1_68' title='bbox 777 1402 809 1464; x_wconf 91' lang='lat' dir='ltr'>et</span> <span class='ocrx_word' id='word_1_69' title='bbox 838 1397 975 1464; x_wconf 88' lang='lat' dir='ltr'>iudicare</span> <span class='ocrx_word' id='word_1_70' title='bbox 1004 1412 1182 1482; x_wconf 87' lang='lat' dir='ltr'>cognoscas.</span> <span class='ocrx_word' id='word_1_71' title='bbox 1219 1399 1252 1462; x_wconf 91' lang='lat' dir='ltr'>in</span> <span class='ocrx_word' id='word_1_72' title='bbox 1276 1400 1420 1482; x_wconf 82' lang='lat' dir='ltr'>Aegypto</span> 
     </span>
     <span class='ocr_line' id='line_1_10' title="bbox 295 1501 1420 1586; baseline 0 -20"><span class='ocrx_word' id='word_1_73' title='bbox 295 1501 409 1585; x_wconf 89' lang='lat' dir='ltr'>qnippe</span> <span class='ocrx_word' id='word_1_74' title='bbox 438 1504 514 1566; x_wconf 88' lang='lat' dir='ltr'>tnnc</span> <span class='ocrx_word' id='word_1_75' title='bbox 544 1501 625 1567; x_wconf 85' lang='lat' dir='ltr'>enlm</span> <span class='ocrx_word' id='word_1_76' title='bbox 649 1520 710 1569; x_wconf 90' lang='lat' dir='ltr'>non</span> <span class='ocrx_word' id='word_1_77' title='bbox 732 1502 865 1586; x_wconf 81' lang='lat' dir='ltr'>simplex</span> <span class='ocrx_word' id='word_1_78' title='bbox 887 1504 1014 1576; x_wconf 86' lang='lat' dir='ltr'>tantum</span> <span class='ocrx_word' id='word_1_79' title='bbox 1035 1501 1089 1570; x_wconf 91' lang='lat' dir='ltr'>sed</span> <span class='ocrx_word' id='word_1_80' title='bbox 1111 1502 1276 1584; x_wconf 84' lang='lat' dir='ltr'>multiplex</span> <span class='ocrx_word' id='word_1_81' title='bbox 1300 1503 1420 1568; x_wconf 75' lang='lat' dir='ltr'>constan</span> 
     </span>
     <span class='ocr_line' id='line_1_11' title="bbox 295 1605 1457 1690; baseline 0.001 -19"><span class='ocrx_word' id='word_1_82' title='bbox 295 1605 455 1672; x_wconf 77' lang='lat' dir='ltr'>delinisse</span> <span class='ocrx_word' id='word_1_83' title='bbox 471 1605 636 1686; x_wconf 88' lang='lat' dir='ltr'>indicinm;</span> <span class='ocrx_word' id='word_1_84' title='bbox 656 1606 934 1688; x_wconf 79' lang='lat' dir='ltr'>quotienscumque</span> <span class='ocrx_word' id='word_1_85' title='bbox 947 1606 1032 1672; x_wconf 89' lang='lat' dir='ltr'>enim</span> <span class='ocrx_word' id='word_1_86' title='bbox 1047 1606 1234 1672; x_wconf 85' lang='lat' dir='ltr'>rebellantes</span> <span class='ocrx_word' id='word_1_87' title='bbox 1250 1606 1420 1690; x_wconf 83' lang='lat' dir='ltr'>Aegyptios</span> <span class='ocrx_word' id='word_1_88' title='bbox 1429 1631 1457 1672; x_wconf 85' lang='grc' dir='ltr'>ιο</span> 
     </span>
    </p>

    <p class='ocr_par' dir='ltr' id='par_1_3' title="bbox 244 1707 1459 2741">
     <span class='ocr_line' id='line_1_12' title="bbox 244 1707 1452 1794; baseline -0.006 -14"><span class='ocrx_word' id='word_1_89' title='bbox 244 1714 282 1780; x_wconf 91' lang='grc'>41</span> <span class='ocrx_word' id='word_1_90' title='bbox 295 1708 446 1794; x_wconf 88' lang='lat' dir='ltr'>percussit</span> <span class='ocrx_word' id='word_1_91' title='bbox 474 1710 589 1774; x_wconf 90' lang='lat' dir='ltr'>totiens</span> <span class='ocrx_word' id='word_1_92' title='bbox 619 1708 780 1775; x_wconf 87' lang='lat' dir='ltr'>iudicauit.</span> <span class='ocrx_word' id='word_1_93' title='bbox 815 1709 869 1774; x_wconf 89' lang='lat' dir='ltr'>sed</span> <span class='ocrx_word' id='word_1_94' title='bbox 890 1711 961 1792; x_wconf 91' lang='lat' dir='ltr'>post</span> <span class='ocrx_word' id='word_1_95' title='bbox 981 1707 1054 1787; x_wconf 91' lang='lat' dir='ltr'>ista,</span> <span class='ocrx_word' id='word_1_96' title='bbox 1078 1726 1156 1792; x_wconf 88' lang='lat' dir='ltr'>quae</span> <span class='ocrx_word' id='word_1_97' title='bbox 1178 1709 1322 1787; x_wconf 85' lang='lat' dir='ltr'>diximus,</span> <span class='ocrx_word' id='word_1_98' title='bbox 1346 1708 1421 1791; x_wconf 90' lang='lat' dir='ltr'>quid</span> <span class='ocrx_word' id='word_1_99' title='bbox 1451 1743 1452 1746; x_wconf 18' lang='grc' dir='ltr'>π</span> 
     </span>
     <span class='ocr_line' id='line_1_13' title="bbox 295 1811 1419 1897; baseline -0.004 -17"><span class='ocrx_word' id='word_1_100' title='bbox 295 1817 436 1880; x_wconf 86' lang='lat' dir='ltr'>secutum</span> <span class='ocrx_word' id='word_1_101' title='bbox 467 1814 538 1878; x_wconf 81' lang='lat' dir='ltr'>est?</span> <span class='ocrx_word' id='word_1_102' title='bbox 570 1813 690 1879; x_wconf 89' lang='lat' dir='ltr'>Israhel</span> <span class='ocrx_word' id='word_1_103' title='bbox 720 1811 900 1892; x_wconf 87' lang='lat' dir='ltr'>dimittitur,</span> <span class='ocrx_word' id='word_1_104' title='bbox 930 1812 1045 1897; x_wconf 89' lang='lat' dir='ltr'>pascha</span> <span class='ocrx_word' id='word_1_105' title='bbox 1066 1811 1222 1879; x_wconf 85' lang='lat' dir='ltr'>celebrato</span> <span class='ocrx_word' id='word_1_106' title='bbox 1245 1813 1419 1896; x_wconf 84' lang='lat' dir='ltr'>Aegyptios</span> 
     </span>
     <span class='ocr_line' id='line_1_14' title="bbox 294 1916 1421 2002; baseline -0.003 -18"><span class='ocrx_word' id='word_1_107' title='bbox 294 1919 416 2002; x_wconf 90' lang='lat' dir='ltr'>spohat,</span> <span class='ocrx_word' id='word_1_108' title='bbox 445 1916 531 1982; x_wconf 90' lang='lat' dir='ltr'>diues</span> <span class='ocrx_word' id='word_1_109' title='bbox 559 1916 708 1982; x_wconf 80' lang='lat' dir='ltr'>abscedit.</span> <span class='ocrx_word' id='word_1_110' title='bbox 746 1917 943 1983; x_wconf 88' lang='lat' dir='ltr'>Pharaonem</span> <span class='ocrx_word' id='word_1_111' title='bbox 972 1918 1122 2000; x_wconf 89' lang='lat' dir='ltr'>paenitet,</span> <span class='ocrx_word' id='word_1_112' title='bbox 1155 1916 1324 1983; x_wconf 84' lang='lat' dir='ltr'>exercitum</span> <span class='ocrx_word' id='word_1_113' title='bbox 1347 1934 1421 1982; x_wconf 91' lang='lat' dir='ltr'>con·</span> 
     </span>
     <span class='ocr_line' id='line_1_15' title="bbox 295 2021 1421 2107; baseline -0.002 -19"><span class='ocrx_word' id='word_1_114' title='bbox 295 2023 406 2102; x_wconf 90' lang='lat' dir='ltr'>trahit,</span> <span class='ocrx_word' id='word_1_115' title='bbox 430 2023 468 2088; x_wconf 91' lang='lat' dir='ltr'>ad</span> <span class='ocrx_word' id='word_1_116' title='bbox 490 2021 647 2105; x_wconf 84' lang='lat' dir='ltr'>fugientes</span> <span class='ocrx_word' id='word_1_117' title='bbox 669 2021 822 2104; x_wconf 85' lang='lat' dir='ltr'>peruenit,</span> <span class='ocrx_word' id='word_1_118' title='bbox 852 2022 963 2088; x_wconf 88' lang='lat' dir='ltr'>castris</span> <span class='ocrx_word' id='word_1_119' title='bbox 984 2021 1137 2107; x_wconf 87' lang='lat' dir='ltr'>iungitur,</span> <span class='ocrx_word' id='word_1_120' title='bbox 1169 2021 1309 2087; x_wconf 89' lang='lat' dir='ltr'>tenebris</span> <span class='ocrx_word' id='word_1_121' title='bbox 1332 2038 1421 2104; x_wconf 89' lang='lat' dir='ltr'>sepa-</span> 
     </span>
     <span class='ocr_line' id='line_1_16' title="bbox 295 2124 1457 2210; baseline -0.002 -18"><span class='ocrx_word' id='word_1_122' title='bbox 295 2129 390 2204; x_wconf 88' lang='lat' dir='ltr'>ratur,</span> <span class='ocrx_word' id='word_1_123' title='bbox 424 2125 559 2192; x_wconf 89' lang='lat' dir='ltr'>siccatur</span> <span class='ocrx_word' id='word_1_124' title='bbox 586 2126 726 2210; x_wconf 88' lang='lat' dir='ltr'>pelagus,</span> <span class='ocrx_word' id='word_1_125' title='bbox 760 2125 881 2190; x_wconf 90' lang='lat' dir='ltr'>Israhel</span> <span class='ocrx_word' id='word_1_126' title='bbox 915 2125 1067 2209; x_wconf 82' lang='lat' dir='ltr'>graditur,</span> <span class='ocrx_word' id='word_1_127' title='bbox 1101 2124 1235 2191; x_wconf 89' lang='lat' dir='ltr'>officiosa</span> <span class='ocrx_word' id='word_1_128' title='bbox 1266 2126 1421 2192; x_wconf 86' lang='lat' dir='ltr'>undarum</span> <span class='ocrx_word' id='word_1_129' title='bbox 1430 2147 1457 2190; x_wconf 84' lang='lat' dir='ltr'>rs</span> 
     </span>
     <span class='ocr_line' id='line_1_17' title="bbox 295 2228 1421 2314; baseline -0.003 -18"><span class='ocrx_word' id='word_1_130' title='bbox 295 2230 449 2314; x_wconf 89' lang='lat' dir='ltr'>patientia</span> <span class='ocrx_word' id='word_1_131' title='bbox 470 2229 631 2296; x_wconf 89' lang='lat' dir='ltr'>liberatur.</span> <span class='ocrx_word' id='word_1_132' title='bbox 668 2229 790 2296; x_wconf 78' lang='lat' dir='ltr'>Pharao</span> <span class='ocrx_word' id='word_1_133' title='bbox 813 2231 963 2313; x_wconf 89' lang='lat' dir='ltr'>sequitur,</span> <span class='ocrx_word' id='word_1_134' title='bbox 995 2247 1081 2294; x_wconf 87' lang='lat' dir='ltr'>mare</span> <span class='ocrx_word' id='word_1_135' title='bbox 1104 2247 1199 2312; x_wconf 89' lang='lat' dir='ltr'>super</span> <span class='ocrx_word' id='word_1_136' title='bbox 1221 2249 1293 2296; x_wconf 91' lang='lat' dir='ltr'>eum</span> <span class='ocrx_word' id='word_1_137' title='bbox 1315 2228 1421 2293; x_wconf 89' lang='lat' dir='ltr'>reuol-</span> 
     </span>
     <span class='ocr_line' id='line_1_18' title="bbox 295 2332 1421 2415; baseline -0.001 -16"><span class='ocrx_word' id='word_1_138' title='bbox 295 2335 390 2413; x_wconf 89' lang='lat' dir='ltr'>nitur,</span> <span class='ocrx_word' id='word_1_139' title='bbox 423 2332 523 2398; x_wconf 87' lang='lat' dir='ltr'>fluctu</span> <span class='ocrx_word' id='word_1_140' title='bbox 555 2333 715 2415; x_wconf 88' lang='lat' dir='ltr'>operiente</span> <span class='ocrx_word' id='word_1_141' title='bbox 748 2333 879 2398; x_wconf 87' lang='lat' dir='ltr'>deletur.</span> <span class='ocrx_word' id='word_1_142' title='bbox 916 2332 992 2415; x_wconf 90' lang='lat' dir='ltr'>puto</span> <span class='ocrx_word' id='word_1_143' title='bbox 1019 2332 1085 2398; x_wconf 93' lang='lat' dir='ltr'>iam</span> <span class='ocrx_word' id='word_1_144' title='bbox 1114 2352 1176 2398; x_wconf 92' lang='lat' dir='ltr'>non</span> <span class='ocrx_word' id='word_1_145' title='bbox 1199 2332 1364 2398; x_wconf 80' lang='lat' dir='ltr'>obesorum</span> <span class='ocrx_word' id='word_1_146' title='bbox 1388 2333 1421 2398; x_wconf 92' lang='lat' dir='ltr'>in</span> 
     </span>
     <span class='ocr_line' id='line_1_19' title="bbox 294 2434 1422 2519; baseline -0.004 -15"><span class='ocrx_word' id='word_1_147' title='bbox 294 2438 342 2504; x_wconf 89' lang='lat' dir='ltr'>his</span> <span class='ocrx_word' id='word_1_148' title='bbox 364 2454 444 2519; x_wconf 92' lang='lat' dir='ltr'>quae</span> <span class='ocrx_word' id='word_1_149' title='bbox 466 2438 538 2501; x_wconf 85' lang='lat' dir='ltr'>anta</span> <span class='ocrx_word' id='word_1_150' title='bbox 559 2439 634 2500; x_wconf 91' lang='lat' dir='ltr'>sunt</span> <span class='ocrx_word' id='word_1_151' title='bbox 648 2436 698 2500; x_wconf 89' lang='lat' dir='ltr'>dei</span> <span class='ocrx_word' id='word_1_152' title='bbox 715 2453 781 2502; x_wconf 89' lang='lat' dir='ltr'>esse</span> <span class='ocrx_word' id='word_1_153' title='bbox 803 2435 966 2514; x_wconf 89' lang='lat' dir='ltr'>indicium,</span> <span class='ocrx_word' id='word_1_154' title='bbox 990 2439 1022 2500; x_wconf 90' lang='lat' dir='ltr'>st</span> <span class='ocrx_word' id='word_1_155' title='bbox 1045 2435 1171 2519; x_wconf 89' lang='lat' dir='ltr'>quidem</span> <span class='ocrx_word' id='word_1_156' title='bbox 1193 2454 1254 2501; x_wconf 91' lang='lat' dir='ltr'>non</span> <span class='ocrx_word' id='word_1_157' title='bbox 1270 2434 1422 2501; x_wconf 82' lang='lat' dir='ltr'>Indicium</span> 
     </span>
     <span class='ocr_line' id='line_1_20' title="bbox 295 2537 1421 2623; baseline -0.001 -18"><span class='ocrx_word' id='word_1_158' title='bbox 295 2543 420 2606; x_wconf 88' lang='lat' dir='ltr'>tantum</span> <span class='ocrx_word' id='word_1_159' title='bbox 444 2541 497 2604; x_wconf 91' lang='lat' dir='ltr'>sed</span> <span class='ocrx_word' id='word_1_160' title='bbox 520 2537 617 2603; x_wconf 87' lang='lat' dir='ltr'>etiam</span> <span class='ocrx_word' id='word_1_161' title='bbox 641 2537 888 2605; x_wconf 89' lang='lat' dir='ltr'>moderationem</span> <span class='ocrx_word' id='word_1_162' title='bbox 911 2540 1004 2622; x_wconf 89' lang='lat' dir='ltr'>atque</span> <span class='ocrx_word' id='word_1_163' title='bbox 1025 2539 1229 2623; x_wconf 86' lang='lat' dir='ltr'>patientiam:</span> <span class='ocrx_word' id='word_1_164' title='bbox 1252 2538 1421 2623; x_wconf 86' lang='lat' dir='ltr'>patientiae</span> 
     </span>
     <span class='ocr_line' id='line_1_21' title="bbox 295 2639 1459 2741; baseline -0.002 -33"><span class='ocrx_word' id='word_1_165' title='bbox 295 2643 378 2708; x_wconf 91' lang='lat' dir='ltr'>enim</span> <span class='ocrx_word' id='word_1_166' title='bbox 406 2639 467 2706; x_wconf 85' lang='lat' dir='ltr'>fuit</span> <span class='ocrx_word' id='word_1_167' title='bbox 496 2643 577 2722; x_wconf 91' lang='lat' dir='ltr'>qnod</span> <span class='ocrx_word' id='word_1_168' title='bbox 599 2639 749 2722; x_wconf 80' lang='lat' dir='ltr'>Aegyptii</span> <span class='ocrx_word' id='word_1_169' title='bbox 772 2641 960 2741; x_wconf 72' lang='lat' dir='ltr'>rebellaqtes</span> <span class='ocrx_word' id='word_1_170' title='bbox 983 2660 1073 2724; x_wconf 88' lang='lat' dir='ltr'>saepe</span> <span class='ocrx_word' id='word_1_171' title='bbox 1094 2641 1232 2724; x_wconf 88' lang='lat' dir='ltr'>percussi</span> <span class='ocrx_word' id='word_1_172' title='bbox 1255 2647 1346 2719; x_wconf 92' lang='lat' dir='ltr'>eunt,</span> <span class='ocrx_word' id='word_1_173' title='bbox 1369 2643 1459 2708; x_wconf 75' lang='lat' dir='ltr'>iure</span> 
     </span>
    </p>

    <p class='ocr_par' dir='ltr' id='par_1_4' title="bbox 243 2743 1422 3037">
     <span class='ocr_line' id='line_1_22' title="bbox 243 2743 1418 2830; baseline 0.001 -22"><span class='ocrx_word' id='word_1_174' title='bbox 243 2745 285 2810; x_wconf 79' lang='lat'>42</span> <span class='ocrx_word' id='word_1_175' title='bbox 295 2745 369 2810; x_wconf 90' lang='lat' dir='ltr'>dicii</span> <span class='ocrx_word' id='word_1_176' title='bbox 391 2745 471 2826; x_wconf 93' lang='lat' dir='ltr'>qnod</span> <span class='ocrx_word' id='word_1_177' title='bbox 495 2743 707 2810; x_wconf 88' lang='lat' dir='ltr'>contumaciae</span> <span class='ocrx_word' id='word_1_178' title='bbox 729 2745 901 2828; x_wconf 76' lang='lat' dir='ltr'>pertineres</span> <span class='ocrx_word' id='word_1_179' title='bbox 924 2745 1023 2810; x_wconf 89' lang='lat' dir='ltr'>morte</span> <span class='ocrx_word' id='word_1_180' title='bbox 1045 2744 1195 2812; x_wconf 89' lang='lat' dir='ltr'>damnati.</span> <span class='ocrx_word' id='word_1_181' title='bbox 1228 2745 1327 2830; x_wconf 86' lang='lat' dir='ltr'>igitur</span> <span class='ocrx_word' id='word_1_182' title='bbox 1348 2747 1418 2828; x_wconf 89' lang='lat' dir='ltr'>post</span> 
     </span>
     <span class='ocr_line' id='line_1_23' title="bbox 296 2846 1422 2931; baseline -0.001 -18"><span class='ocrx_word' id='word_1_183' title='bbox 296 2849 378 2914; x_wconf 87' lang='lat' dir='ltr'>hunc</span> <span class='ocrx_word' id='word_1_184' title='bbox 399 2866 504 2912; x_wconf 89' lang='lat' dir='ltr'>rerum</span> <span class='ocrx_word' id='word_1_185' title='bbox 525 2849 685 2930; x_wconf 87' lang='lat' dir='ltr'>gestarum</span> <span class='ocrx_word' id='word_1_186' title='bbox 708 2847 846 2914; x_wconf 76' lang='lat' dir='ltr'>ordinent</span> <span class='ocrx_word' id='word_1_187' title='bbox 860 2846 1035 2931; x_wconf 86' lang='lat' dir='ltr'>ingreditur</span> <span class='ocrx_word' id='word_1_188' title='bbox 1050 2848 1210 2914; x_wconf 88' lang='lat' dir='ltr'>heremum</span> <span class='ocrx_word' id='word_1_189' title='bbox 1225 2847 1338 2916; x_wconf 84' lang='lat' dir='ltr'>uictrix</span> <span class='ocrx_word' id='word_1_190' title='bbox 1353 2846 1422 2912; x_wconf 88' lang='lat' dir='ltr'>sine</span> 
     </span>
     <span class='ocr_line' id='line_1_24' title="bbox 296 2950 1421 3037; baseline 0 -19"><span class='ocrx_word' id='word_1_191' title='bbox 296 2952 376 3018; x_wconf 91' lang='lat' dir='ltr'>bello</span> <span class='ocrx_word' id='word_1_192' title='bbox 408 2969 484 3037; x_wconf 87' lang='lat' dir='ltr'>gens</span> <span class='ocrx_word' id='word_1_193' title='bbox 506 2951 728 3018; x_wconf 84' lang='lat' dir='ltr'>Hebraeorum.</span> <span class='ocrx_word' id='word_1_194' title='bbox 767 2951 834 3035; x_wconf 87' lang='lat' dir='ltr'>agit</span> <span class='ocrx_word' id='word_1_195' title='bbox 866 2950 928 3016; x_wconf 88' lang='lat' dir='ltr'>iter</span> <span class='ocrx_word' id='word_1_196' title='bbox 955 2951 1020 3016; x_wconf 91' lang='lat' dir='ltr'>sine</span> <span class='ocrx_word' id='word_1_197' title='bbox 1050 2952 1180 3030; x_wconf 82' lang='lat' dir='ltr'>Itinere,</span> <span class='ocrx_word' id='word_1_198' title='bbox 1215 2954 1330 3018; x_wconf 85' lang='lat' dir='ltr'>uiatrir</span> <span class='ocrx_word' id='word_1_199' title='bbox 1353 2953 1421 3018; x_wconf 90' lang='lat' dir='ltr'>eine</span> 
     </span>
    </p>

    <p class='ocr_par' dir='ltr' id='par_1_5' title="bbox 266 3053 1459 3552">
     <span class='ocr_line' id='line_1_25' title="bbox 266 3053 1421 3138; baseline -0.002 -16"><span class='ocrx_word' id='word_1_200' title='bbox 266 3127 269 3133; x_wconf 63' lang='grc'><strong>,</strong></span> <span class='ocrx_word' id='word_1_201' title='bbox 296 3055 358 3133; x_wconf 91' lang='lat' dir='ltr'>uia,</span> <span class='ocrx_word' id='word_1_202' title='bbox 381 3057 507 3138; x_wconf 89' lang='lat' dir='ltr'>praeuio</span> <span class='ocrx_word' id='word_1_203' title='bbox 530 3056 596 3134; x_wconf 90' lang='lat' dir='ltr'>deo,</span> <span class='ocrx_word' id='word_1_204' title='bbox 620 3054 727 3122; x_wconf 91' lang='lat' dir='ltr'>diuino</span> <span class='ocrx_word' id='word_1_205' title='bbox 750 3053 934 3121; x_wconf 80' lang='lat' dir='ltr'>commilitio</span> <span class='ocrx_word' id='word_1_206' title='bbox 957 3054 1156 3134; x_wconf 81' lang='lat' dir='ltr'>honorabilis,</span> <span class='ocrx_word' id='word_1_207' title='bbox 1181 3057 1276 3123; x_wconf 86' lang='lat' dir='ltr'>ductu</span> <span class='ocrx_word' id='word_1_208' title='bbox 1293 3055 1421 3122; x_wconf 86' lang='lat' dir='ltr'>caelesti</span> 
     </span>
     <span class='ocr_line' id='line_1_26' title="bbox 296 3156 1459 3244; baseline 0.002 -21"><span class='ocrx_word' id='word_1_209' title='bbox 296 3159 420 3244; x_wconf 89' lang='lat' dir='ltr'>potens,</span> <span class='ocrx_word' id='word_1_210' title='bbox 453 3177 584 3241; x_wconf 86' lang='lat' dir='ltr'>sequens</span> <span class='ocrx_word' id='word_1_211' title='bbox 617 3158 764 3224; x_wconf 93' lang='lat' dir='ltr'>mobilem</span> <span class='ocrx_word' id='word_1_212' title='bbox 794 3156 988 3237; x_wconf 88' lang='lat' dir='ltr'>columnam,</span> <span class='ocrx_word' id='word_1_213' title='bbox 1023 3158 1166 3223; x_wconf 91' lang='lat' dir='ltr'>nubilam</span> <span class='ocrx_word' id='word_1_214' title='bbox 1197 3159 1263 3238; x_wconf 90' lang='lat' dir='ltr'>die,</span> <span class='ocrx_word' id='word_1_215' title='bbox 1297 3160 1459 3242; x_wconf 80' lang='lat' dir='ltr'>igneamre</span> 
     </span>
     <span class='ocr_line' id='line_1_27' title="bbox 295 3259 1422 3346; baseline -0.004 -16"><span class='ocrx_word' id='word_1_216' title='bbox 295 3267 394 3342; x_wconf 89' lang='lat' dir='ltr'>nocte,</span> <span class='ocrx_word' id='word_1_217' title='bbox 418 3279 568 3346; x_wconf 87' lang='lat' dir='ltr'>congruas</span> <span class='ocrx_word' id='word_1_218' title='bbox 591 3262 729 3328; x_wconf 88' lang='lat' dir='ltr'>colorum</span> <span class='ocrx_word' id='word_1_219' title='bbox 751 3259 951 3327; x_wconf 85' lang='lat' dir='ltr'>diuersitates</span> <span class='ocrx_word' id='word_1_220' title='bbox 973 3277 1029 3344; x_wconf 89' lang='lat' dir='ltr'>pro</span> <span class='ocrx_word' id='word_1_221' title='bbox 1044 3264 1221 3344; x_wconf 90' lang='lat' dir='ltr'>temporum</span> <span class='ocrx_word' id='word_1_222' title='bbox 1236 3264 1422 3329; x_wconf 87' lang='lat' dir='ltr'>dluersitate</span> 
     </span>
     <span class='ocr_line' id='line_1_28' title="bbox 296 3363 1421 3444; baseline 0 -13"><span class='ocrx_word' id='word_1_223' title='bbox 296 3369 485 3444; x_wconf 85' lang='lat' dir='ltr'>sumentem,</span> <span class='ocrx_word' id='word_1_224' title='bbox 515 3365 634 3431; x_wconf 82' lang='lat' dir='ltr'>scilicet</span> <span class='ocrx_word' id='word_1_225' title='bbox 657 3365 692 3429; x_wconf 92' lang='lat' dir='ltr'>ut</span> <span class='ocrx_word' id='word_1_226' title='bbox 714 3367 746 3430; x_wconf 88' lang='lat' dir='ltr'>et</span> <span class='ocrx_word' id='word_1_227' title='bbox 769 3364 828 3428; x_wconf 92' lang='lat' dir='ltr'>diei</span> <span class='ocrx_word' id='word_1_228' title='bbox 859 3364 964 3429; x_wconf 90' lang='lat' dir='ltr'>lucem</span> <span class='ocrx_word' id='word_1_229' title='bbox 985 3363 1070 3428; x_wconf 86' lang='lat' dir='ltr'>lutea</span> <span class='ocrx_word' id='word_1_230' title='bbox 1096 3363 1287 3430; x_wconf 86' lang='lat' dir='ltr'>obscuritate</span> <span class='ocrx_word' id='word_1_231' title='bbox 1308 3365 1421 3431; x_wconf 86' lang='lat' dir='ltr'>distin·</span> 
     </span>
     <span class='ocr_line' id='line_1_29' title="bbox 296 3465 1419 3552; baseline 0.001 -18"><span class='ocrx_word' id='word_1_232' title='bbox 296 3471 404 3552; x_wconf 82' lang='lat' dir='ltr'>guenet</span> <span class='ocrx_word' id='word_1_233' title='bbox 427 3468 459 3533; x_wconf 91' lang='lat' dir='ltr'>et</span> <span class='ocrx_word' id='word_1_234' title='bbox 481 3467 646 3552; x_wconf 88' lang='lat' dir='ltr'>caliginem</span> <span class='ocrx_word' id='word_1_235' title='bbox 662 3467 762 3533; x_wconf 88' lang='lat' dir='ltr'>noctis</span> <span class='ocrx_word' id='word_1_236' title='bbox 776 3465 921 3532; x_wconf 89' lang='lat' dir='ltr'>flammeo</span> <span class='ocrx_word' id='word_1_237' title='bbox 937 3465 1099 3548; x_wconf 82' lang='lat' dir='ltr'>splendore</span> <span class='ocrx_word' id='word_1_238' title='bbox 1115 3465 1259 3534; x_wconf 87' lang='lat' dir='ltr'>claritate</span> <span class='ocrx_word' id='word_1_239' title='bbox 1273 3469 1419 3535; x_wconf 87' lang='lat' dir='ltr'>radiaret.</span> 
     </span>
    </p>
   </div>
   <div class='ocr_carea' id='block_1_3' title="bbox 247 3763 1558 4503">
    <p class='ocr_par' dir='ltr' id='par_1_6' title="bbox 247 3763 1558 4503">
     <span class='ocr_line' id='line_1_30' title="bbox 349 3763 1422 3836; baseline 0.005 -15"><span class='ocrx_word' id='word_1_240' title='bbox 349 3769 364 3821; x_wconf 88' lang='lat'>1</span> <span class='ocrx_word' id='word_1_241' title='bbox 390 3763 500 3820; x_wconf 67' lang='lat' dir='ltr'>rub-nm</span> <span class='ocrx_word' id='word_1_242' title='bbox 526 3764 554 3818; x_wconf 96' lang='lat' dir='ltr'><strong><em>A</em></strong></span> <span class='ocrx_word' id='word_1_243' title='bbox 656 3765 674 3818; x_wconf 79' lang='lat'><strong>2</strong></span> <span class='ocrx_word' id='word_1_244' title='bbox 699 3765 801 3833; x_wconf 83' lang='lat' dir='ltr'>accepIt</span> <span class='ocrx_word' id='word_1_245' title='bbox 826 3765 854 3818; x_wconf 86' lang='lat' dir='ltr'><strong><em>A</em></strong></span> <span class='ocrx_word' id='word_1_246' title='bbox 957 3765 974 3820; x_wconf 84' lang='lat'><strong>3</strong></span> <span class='ocrx_word' id='word_1_247' title='bbox 998 3767 1196 3836; x_wconf 83' lang='lat' dir='ltr'>contempnitur</span> <span class='ocrx_word' id='word_1_248' title='bbox 1213 3768 1270 3822; x_wconf 89' lang='lat' dir='ltr'>AB</span> <span class='ocrx_word' id='word_1_249' title='bbox 1285 3769 1345 3836; x_wconf 79' lang='lat' dir='ltr'>fere</span> <span class='ocrx_word' id='word_1_250' title='bbox 1362 3771 1422 3826; x_wconf 84' lang='lat' dir='ltr'>ubi-</span> 
     </span>
     <span class='ocr_line' id='line_1_31' title="bbox 247 3853 1558 3933; baseline 0.004 -16"><span class='ocrx_word' id='word_1_251' title='bbox 247 3898 251 3906; x_wconf 78' lang='lat'>,</span> <span class='ocrx_word' id='word_1_252' title='bbox 296 3878 347 3933; x_wconf 84' lang='lat' dir='ltr'>que</span> <span class='ocrx_word' id='word_1_253' title='bbox 453 3862 471 3915; x_wconf 84' lang='grc'><strong>9</strong></span> <span class='ocrx_word' id='word_1_254' title='bbox 497 3860 568 3914; x_wconf 89' lang='lat' dir='ltr'>enim</span> <span class='ocrx_word' id='word_1_255' title='bbox 595 3861 696 3916; x_wconf 77' lang='lat' dir='ltr'>delerat</span> <span class='ocrx_word' id='word_1_256' title='bbox 722 3859 939 3916; x_wconf 80' lang='lat' dir='ltr'>Rittcrsbcec&#39;ca:</span> <span class='ocrx_word' id='word_1_257' title='bbox 967 3860 1034 3927; x_wconf 81' lang='lat' dir='ltr'>fort.</span> <span class='ocrx_word' id='word_1_258' title='bbox 1061 3869 1145 3930; x_wconf 80' lang='lat' dir='ltr'>recte,</span> <span class='ocrx_word' id='word_1_259' title='bbox 1169 3865 1335 3932; x_wconf 79' lang='lat' dir='ltr'>praesertim</span> <span class='ocrx_word' id='word_1_260' title='bbox 1361 3881 1422 3921; x_wconf 78' lang='lat' dir='ltr'>croc</span> <span class='ocrx_word' id='word_1_261' title='bbox 1557 3853 1558 3860; x_wconf 9' lang='grc' dir='ltr'>ἵ</span> 
     </span>
     <span class='ocr_line' id='line_1_32' title="bbox 296 3949 1422 4029; baseline 0.002 -17"><span class='ocrx_word' id='word_1_262' title='bbox 296 3949 427 4025; x_wconf 70' lang='lat' dir='ltr'>facillime</span> <span class='ocrx_word' id='word_1_263' title='bbox 444 3955 532 4024; x_wconf 79' lang='lat' dir='ltr'>repeti</span> <span class='ocrx_word' id='word_1_264' title='bbox 545 3961 635 4024; x_wconf 79' lang='lat' dir='ltr'>posset</span> <span class='ocrx_word' id='word_1_265' title='bbox 653 3971 686 4010; x_wconf 79' lang='lat' dir='ltr'>en</span> <span class='ocrx_word' id='word_1_266' title='bbox 703 3956 797 4011; x_wconf 64' lang='grc' dir='ltr'>παίω</span> <span class='ocrx_word' id='word_1_267' title='bbox 814 3971 867 4026; x_wconf 81' lang='lat' dir='ltr'>aeq.</span> <span class='ocrx_word' id='word_1_268' title='bbox 892 3956 1018 4026; x_wconf 86' lang='lat' dir='ltr'>quotiens</span> <span class='ocrx_word' id='word_1_269' title='bbox 1036 3973 1147 4028; x_wconf 88' lang='lat' dir='ltr'>cumque</span> <span class='ocrx_word' id='word_1_270' title='bbox 1166 3959 1249 4027; x_wconf 88' lang='lat' dir='ltr'>enim;</span> <span class='ocrx_word' id='word_1_271' title='bbox 1278 3960 1313 4027; x_wconf 79' lang='lat' dir='ltr'>cf.</span> <span class='ocrx_word' id='word_1_272' title='bbox 1332 3975 1422 4029; x_wconf 79' lang='lat' dir='ltr'>sopra</span> 
     </span>
     <span class='ocr_line' id='line_1_33' title="bbox 296 4034 1422 4127; baseline 0.002 -20"><span class='ocrx_word' id='word_1_273' title='bbox 296 4051 333 4107; x_wconf 82' lang='lat' dir='ltr'>nd</span> <span class='ocrx_word' id='word_1_274' title='bbox 353 4056 377 4114; x_wconf 65' lang='lat' dir='ltr'>e.</span> <span class='ocrx_word' id='word_1_275' title='bbox 395 4034 432 4105; x_wconf 71' lang='lat'>38</span> <span class='ocrx_word' id='word_1_276' title='bbox 535 4047 569 4102; x_wconf 89' lang='lat'>10</span> <span class='ocrx_word' id='word_1_277' title='bbox 593 4049 826 4119; x_wconf 87' lang='lat' dir='ltr'>quotienscumque</span> <span class='ocrx_word' id='word_1_278' title='bbox 848 4055 875 4106; x_wconf 84' lang='lat' dir='ltr'>rt</span> <span class='ocrx_word' id='word_1_279' title='bbox 896 4050 995 4106; x_wconf 89' lang='lat' dir='ltr'>totiens</span> <span class='ocrx_word' id='word_1_280' title='bbox 1019 4051 1047 4105; x_wconf 96' lang='lat' dir='ltr'><strong><em>A</em></strong></span> <span class='ocrx_word' id='word_1_281' title='bbox 1071 4053 1140 4122; x_wconf 79' lang='lat' dir='ltr'>(ocu</span> <span class='ocrx_word' id='word_1_282' title='bbox 1158 4053 1375 4127; x_wconf 86' lang='lat' dir='ltr'>quotiescumque</span> <span class='ocrx_word' id='word_1_283' title='bbox 1395 4047 1422 4109; x_wconf 76' lang='lat' dir='ltr'>&#39;ct</span> 
     </span>
     <span class='ocr_line' id='line_1_34' title="bbox 295 4142 1423 4221; baseline 0.008 -21"><span class='ocrx_word' id='word_1_284' title='bbox 295 4146 378 4207; x_wconf 85' lang='lat' dir='ltr'>toties</span> <span class='ocrx_word' id='word_1_285' title='bbox 395 4151 427 4200; x_wconf 82' lang='lat' dir='ltr'>nt</span> <span class='ocrx_word' id='word_1_286' title='bbox 444 4145 574 4200; x_wconf 76' lang='lat' dir='ltr'>Halmius</span> <span class='ocrx_word' id='word_1_287' title='bbox 591 4142 685 4213; x_wconf 79' lang='lat' dir='ltr'>refert)</span> <span class='ocrx_word' id='word_1_288' title='bbox 704 4144 772 4200; x_wconf 81' lang='lat' dir='ltr'>ctB</span> <span class='ocrx_word' id='word_1_289' title='bbox 806 4187 808 4192; x_wconf 84' lang='lat'><em>.</em></span> <span class='ocrx_word' id='word_1_290' title='bbox 867 4145 901 4200; x_wconf 77' lang='lat'>12</span> <span class='ocrx_word' id='word_1_291' title='bbox 918 4149 1059 4216; x_wconf 86' lang='lat' dir='ltr'>sequutum</span> <span class='ocrx_word' id='word_1_292' title='bbox 1076 4149 1104 4202; x_wconf 89' lang='lat' dir='ltr'><strong><em>A</em></strong></span> <span class='ocrx_word' id='word_1_293' title='bbox 1198 4151 1301 4206; x_wconf 88' lang='lat' dir='ltr'>Israhel</span> <span class='ocrx_word' id='word_1_294' title='bbox 1318 4153 1345 4207; x_wconf 88' lang='lat' dir='ltr'><strong><em>A</em></strong></span> <span class='ocrx_word' id='word_1_295' title='bbox 1362 4154 1423 4221; x_wconf 79' lang='lat' dir='ltr'>fere</span> 
     </span>
     <span class='ocr_line' id='line_1_35' title="bbox 296 4239 1353 4309; baseline 0.006 -14"><span class='ocrx_word' id='word_1_296' title='bbox 296 4241 402 4309; x_wconf 78' lang='lat' dir='ltr'>ubique,</span> <span class='ocrx_word' id='word_1_297' title='bbox 420 4242 492 4296; x_wconf 78' lang='lat' dir='ltr'>clius</span> <span class='ocrx_word' id='word_1_298' title='bbox 509 4239 560 4294; x_wconf 85' lang='lat' dir='ltr'>isrl</span> <span class='ocrx_word' id='word_1_299' title='bbox 576 4245 609 4294; x_wconf 81' lang='lat' dir='ltr'>art</span> <span class='ocrx_word' id='word_1_300' title='bbox 626 4239 654 4293; x_wconf 90' lang='lat' dir='ltr'><strong><em>B</em></strong></span> <span class='ocrx_word' id='word_1_301' title='bbox 748 4254 829 4308; x_wconf 81' lang='lat' dir='ltr'>posca</span> <span class='ocrx_word' id='word_1_302' title='bbox 851 4241 970 4296; x_wconf 84' lang='lat' dir='ltr'>celebrat</span> <span class='ocrx_word' id='word_1_303' title='bbox 993 4242 1021 4297; x_wconf 88' lang='grc' dir='ltr'><strong><em>Β</em></strong></span> <span class='ocrx_word' id='word_1_304' title='bbox 1124 4245 1157 4298; x_wconf 87' lang='grc'>16</span> <span class='ocrx_word' id='word_1_305' title='bbox 1180 4246 1302 4300; x_wconf 87' lang='lat' dir='ltr'>uoluitur</span> <span class='ocrx_word' id='word_1_306' title='bbox 1323 4248 1353 4302; x_wconf 87' lang='lat' dir='ltr'><em>B</em></span> 
     </span>
     <span class='ocr_line' id='line_1_36' title="bbox 296 4333 1423 4403; baseline 0.009 -15"><span class='ocrx_word' id='word_1_307' title='bbox 296 4333 330 4388; x_wconf 78' lang='lat'>20</span> <span class='ocrx_word' id='word_1_308' title='bbox 347 4335 478 4403; x_wconf 87' lang='lat' dir='ltr'>percussit</span> <span class='ocrx_word' id='word_1_309' title='bbox 495 4335 589 4390; x_wconf 89' lang='lat' dir='ltr'>iudicii</span> <span class='ocrx_word' id='word_1_310' title='bbox 606 4337 667 4402; x_wconf 89' lang='lat' dir='ltr'>(om.</span> <span class='ocrx_word' id='word_1_311' title='bbox 685 4337 760 4400; x_wconf 90' lang='lat' dir='ltr'>sunt)</span> <span class='ocrx_word' id='word_1_312' title='bbox 778 4335 806 4389; x_wconf 92' lang='lat' dir='ltr'><em>B</em></span> <span class='ocrx_word' id='word_1_313' title='bbox 900 4337 933 4392; x_wconf 78' lang='lat'>22</span> <span class='ocrx_word' id='word_1_314' title='bbox 951 4339 1023 4392; x_wconf 91' lang='lat' dir='ltr'>huuc</span> <span class='ocrx_word' id='word_1_315' title='bbox 1035 4352 1103 4394; x_wconf 68' lang='lat' dir='ltr'>,coer</span> <span class='ocrx_word' id='word_1_316' title='bbox 1130 4338 1201 4394; x_wconf 84' lang='lat' dir='ltr'>hanc</span> <span class='ocrx_word' id='word_1_317' title='bbox 1217 4339 1273 4394; x_wconf 88' lang='lat' dir='ltr'>AB</span> <span class='ocrx_word' id='word_1_318' title='bbox 1291 4341 1423 4398; x_wconf 77' lang='lat' dir='ltr'>Halmius</span> 
     </span>
     <span class='ocr_line' id='line_1_37' title="bbox 298 4429 1351 4503; baseline 0.003 -19"><span class='ocrx_word' id='word_1_319' title='bbox 298 4432 358 4494; x_wconf 83' lang='lat' dir='ltr'>(ona</span> <span class='ocrx_word' id='word_1_320' title='bbox 373 4430 443 4496; x_wconf 66' lang='grc' dir='ltr'>ΤΠ)</span> <span class='ocrx_word' id='word_1_321' title='bbox 530 4430 564 4484; x_wconf 85' lang='lat'>23</span> <span class='ocrx_word' id='word_1_322' title='bbox 575 4429 801 4485; x_wconf 82' lang='lat' dir='ltr'>hebreorumAB</span> <span class='ocrx_word' id='word_1_323' title='bbox 887 4431 1067 4486; x_wconf 67' lang='lat' dir='ltr'>24comtlit10</span> <span class='ocrx_word' id='word_1_324' title='bbox 1081 4433 1180 4503; x_wconf 78' lang='lat' dir='ltr'>(sic)A</span> <span class='ocrx_word' id='word_1_325' title='bbox 1198 4433 1351 4489; x_wconf 78' lang='lat' dir='ltr'>emilicIoB</span> 
     </span>
    </p>
   </div>
   <div class='ocr_carea' id='block_1_4' title="bbox 0 0 1572 5098">
    <p class='ocr_par' dir='ltr' id='par_1_7' title="bbox 0 0 1572 5098">
     <span class='ocr_line' id='line_1_38' title="bbox 0 0 1572 5098; baseline 0 0"><span class='ocrx_word' id='word_1_326' title='bbox 0 0 1572 5098; x_wconf 95' lang='lat' dir='ltr'> </span> 
     </span>
    </p>
   </div>
  </div>
 </body>
</html>
