3132 5096
476 488 515 541 de
533 485 669 557 gubern.
686 485 738 542 dei
757 486 797 542 vl
814 491 828 551 5
845 487 956 542 45-52.
1219 487 1283 554 139

158 678 531 760 eonoupisoendum,
554 695 642 742 reus
658 676 717 741 est
739 675 930 742 adulterii
953 679 1068 744 eorde
1090 677 1279 765 oouoepti‚

156 781 334 865 intellegere
364 797 529 865 possumus
556 779 648 862 quod,
677 778 803 846 etiamsi
829 797 878 846 res
901 781 1007 862 turpes
1030 781 1125 863 atque
1147 783 1278 849 domue-

155 884 230 950 biles
261 883 444 950 necessitate
467 901 528 948 uon
553 882 687 966 egimus,
714 899 771 965 pro
793 881 862 964 ipsa
883 882 989 948 tamen
1011 900 1116 951 rerum
1135 883 1280 966 ¹turpium

117 1051 120 1058 .
154 987 317 1054 uoluntate
350 987 547 1052 damnamur,
582 991 614 1052 et
647 986 721 1068 quid
754 986 855 1054 dieem
885 985 923 1051 de
952 985 1136 1053 uoluntate?
1173 1005 1279 1054 omnes

135 1090 227 1156 ahma
242 1090 360 1170 ¹ferme,
384 1109 455 1155 eum
476 1093 615 1172 possunt,
644 1091 754 1172 agunt.
793 1089 924 1172 dentque
947 1089 1115 1156 euiuslibet
1138 1088 1281 1156 erueris

153 1195 267 1260 ineolae
289 1193 473 1258 &nomam
501 1197 556 1259 aut
578 1192 710 1259 Romam
738 1194 888 1272 uenerint
917 1211 990 1275 pars
1019 1195 1094 1260 sunt
1121 1193 1279 1260 Romanae

153 1297 250 1380 plebis
279 1297 313 1362 iu
341 1296 420 1366 eiroo
452 1315 525 1380 pars
558 1297 632 1362 eunt
663 1297 772 1381 populi
793 1295 987 1362 Muenuatis
1015 1296 1049 1361 in
1071 1295 1202 1363 theatro.
1242 1313 1279 1361 ao

153 1420 205 1484 per
231 1399 291 1466 hoe
319 1417 410 1466 neme
432 1417 467 1464 se
494 1399 561 1465 loeo
590 1401 646 1465 aut
659 1399 810 1465 ,absentia
832 1401 1014 1464 excusatum
1037 1399 1135 1480 putet.
1172 1414 1278 1466 omnes

154 1501 347 1585 turpitudine
368 1519 473 1567 rerum
495 1519 594 1567 unum
615 1504 698 1584 suut,
723 1499 854 1590 quisibi
875 1520 982 1566 rerum
1003 1501 1145 1584 turpium
1166 1501 1278 1568 uolun-

123 1607 217 1674 rotate
256 1605 424 1671 senientur.
469 1607 501 1671 et
537 1603 719 1670 blandimur
756 1603 845 1669 uobis
883 1603 1009 1686 insuper
1046 1605 1083 1669 de
1120 1604 1278 1688 probitate

152 1727 272 1776 morum
294 1708 474 1774 blandimur
491 1707 529 1772 de
551 1705 783 1789 turpitudinum
805 1706 945 1773 raritate.
977 1724 1032 1790 ego
1047 1707 1182 1790 amplius
1197 1704 1334 1786 dieo,50

152 1831 211 1878 neu
233 1813 336 1878 solum
358 1809 410 1895 agi
432 1828 516 1876 nuno
544 1809 618 1875 illes
651 1808 843 1875 ludicrorum
874 1809 1039 1876 iufamium
1066 1809 1163 1896 labes,
1198 1830 1278 1894 quae

152 1917 236 1998 prins
259 1919 348 1982 aetae
369 1916 453 1992 sunt,
476 1914 529 1980 sed
553 1914 748 1980 criminosius
771 1914 872 1996 multo
890 1913 941 1998 egi
964 1932 1057 1996 quam
1080 1915 1167 1998 prius
1190 1919 1277 1982 uotae

152 2022 231 2084 sunt.
271 2020 345 2084 tune
380 2016 465 2082 enim
498 2019 623 2100 integre
654 2018 789 2084 Romani
822 2017 906 2084 orbis
940 2018 1081 2083 membro
1113 2017 1276 2099 florebant,

122 2125 287 2204 pergusta
308 2140 372 2188 esse
395 2121 505 2187 horrea
526 2121 670 2203 publieae
691 2139 763 2205 opes
780 2120 927 2200 leoorant,
951 2123 1136 2188 ouuetnrum
1150 2121 1277 2190 urbium

153 2224 234 2290 uiues
273 2223 395 2290 diuitiis
425 2241 460 2291 eo
490 2223 609 2290 deliciis
647 2223 830 2302 affluebant,
869 2227 921 2290 uix
958 2225 1081 2307 poterat
1117 2225 1277 2309 religionis

151 2328 316 2394 auotoritas
349 2328 431 2394 iuter
464 2330 586 2394 tantam
620 2346 725 2392 rerum
755 2327 991 2392 exuberantiam
1020 2345 1141 2392 morum
1170 2331 1277 2394 tenere

152 2448 324 2498 oensurern.
355 2429 564 2514 pasoebautur
586 2431 712 2514 quidem
734 2433 812 2497 tuno
834 2431 953 2514 passim
976 2433 1007 2496 in
1030 2430 1106 2496 loeis
1129 2431 1275 2512 plurimis
1285 2424 1327 2492 51

151 2536 270 2600 autores
292 2535 434 2616 turpium
457 2535 665 2618 uoluptatum,
689 2537 744 2600 sed
759 2534 851 2617 plena
866 2551 902 2600 ae
923 2533 1038 2598 referta
1052 2535 1157 2600 omnio
1172 2538 1276 2600 erant:

119 2655 237 2703 onemo
272 2642 415 2720 sumptus
448 2640 491 2704 rei
519 2637 664 2722 publiano
693 2639 850 2724 cogitabat
881 2657 972 2706 nemo
1000 2637 1172 2722 dispendia,
1202 2641 1276 2721 quie

148 2759 207 2807 non
242 2741 435 2807 sentiebatur
472 2759 612 2824 expensa.
659 2740 829 2824 quaerebat
866 2743 1092 2824 quedammodo
1126 2741 1194 2825 ipsa
1229 2761 1277 2808 res

147 2843 272 2926 publiea
303 2843 359 2909 ubi
390 2846 542 2927 perderet,
577 2846 659 2927 quod
687 2845 810 2927 penitus
839 2846 904 2911 iam
926 2847 1063 2928 resipere
1086 2839 1137 2912 uir
1159 2849 1274 2930 posset.

148 2947 178 3011 et
199 2947 270 3012 ideo
294 2948 440 3014 oumulus
463 2948 655 3028 diuitiarum,
686 2949 741 3030 qni
768 2947 834 3016 iam
856 2948 920 3014 fere
943 2950 1071 3016 modum
1095 2952 1274 3028 exoesserat,

148 3048 244 3114 etiam
273 3051 307 3116 in
338 3069 389 3116 res
417 3052 597 3134 nugatorias
626 3050 830 3117 redundabat.
869 3070 952 3117 nuno
981 3053 1086 3118 eutem
1116 3055 1188 3136 quid
1212 3047 1329 3117 urerer

117 3155 274 3235 upotest?
307 3157 500 3220 recesserunt
522 3173 541 3220 a
563 3153 652 3220 nobis
668 3155 775 3238 copiae
790 3157 911 3221 ueteres
927 3160 1120 3222 neeesseruut
1135 3157 1274 3239 priorum

146 3260 322 3342 temporum
352 3258 527 3338 facultates,
557 3257 665 3324 miseri
692 3259 756 3324 iam
784 3278 892 3325 sumus
921 3263 953 3324 et
982 3259 1115 3324 uoedum
1139 3276 1273 3341 nugaces

147 3379 211 3426 esse
244 3381 413 3428 nossemus.
453 3381 584 3445 eumque
619 3362 716 3429 etiam
744 3363 874 3446 pupillis
904 3363 1042 3446 prodigis
1071 3361 1172 3428 soleat
1201 3362 1274 3427 sub-

147 3464 253 3530 uenire
275 3470 451 3550 paupertas,
474 3467 628 3549 simulque
643 3468 681 3532 ut
696 3467 878 3532 destiterint
897 3483 963 3532 esse
979 3465 1104 3552 diuites,
1129 3467 1275 3533 desinant

195 3651 211 3704 2
229 3653 313 3722 atque
330 3649 358 3705 Β
375 3666 395 3705 s.
415 3651 432 3705 l.
536 3651 553 3704 5
578 3655 697 3720 aguntur
720 3652 748 3707 Β
854 3653 884 3708 11
910 3652 1064 3708 blandimur
1082 3651 1159 3708 uobis
1178 3653 1206 3706 Β

147 3733 179 3789 14
194 3735 324 3791 Romanis
343 3736 369 3790 Β
385 3743 448 3792 oui
552 3737 626 3792 urbis
645 3739 673 3792 A
775 3738 807 3792 17
826 3739 1028 3794 exuberantium
1047 3739 1074 3793 B
1178 3740 1211 3794 19
1229 3754 1274 3792 an·

145 3821 229 3875 atores
255 3822 284 3876 Β
385 3822 419 3879 21
440 3839 481 3877 res
501 3824 561 3893 ipsa
580 3822 687 3892 publiea
710 3823 736 3878 Β
838 3824 872 3878 22
896 3827 1003 3894 penitus
1021 3826 1068 3895 qni
1086 3827 1142 3880 iam
1159 3825 1207 3880 sed
1223 3824 1276 3879 sub

145 3921 180 3974 qu
196 3909 299 3964 linteola
316 3909 402 3964 dueta
418 3913 485 3965 Μ
503 3911 531 3964 Α
535 3931 546 3980 ,·
570 3911 618 3980 qui
635 3911 706 3966 allud
722 3912 814 3966 statim
827 3917 892 3980 poet
910 3911 1069 3968 diuitiarum
1087 3915 1118 3968 iu
1136 3913 1194 3968 eod.
1212 3912 1272 3967 cod.

144 3987 233 4063 deam
252 3995 367 4051 uidam
379 4011 440 4068 erpo
459 4012 473 4050 e
489 4013 576 4068 marg.
594 3998 703 4052 uouisse
720 3998 751 4051 tu
769 3997 856 4052 buum
874 4014 931 4054 non
949 4015 1029 4054 aurun
1115 3999 1199 4068 possit
1216 3998 1271 4052 iam

143 4077 189 4132 nir
205 4079 322 4148 resipere
339 4081 367 4134 Β
462 4081 497 4136 25
513 4084 617 4136 uetares
635 4098 669 4137 era
688 4082 787 4136 nebris
805 4083 833 4136 A
850 4099 921 4138 cerr.
939 4088 1007 4139 Μ
1101 4084 1133 4138 27
1151 4083 1272 4154 prodigis

143 4165 282 4236 (prodigus
304 4167 332 4220 A
354 4183 388 4220 m.
406 4172 432 4234 1)
456 4167 500 4222 uel
522 4167 682 4237 prodigiosis
705 4169 760 4223 AB
773 4169 851 4236 (rell.)
881 4167 1010 4239 ‘prodigis
1033 4170 1178 4226 Botuaa‘us'
1197 4171 1271 4227 Hol-

141 4252 229 4318 me'usp
247 4255 280 4308 ire
297 4269 357 4308 mea
375 4252 487 4308 Baluaia‘
504 4252 623 4309 editione
640 4259 743 4324 quarta
760 4257 871 4311 u1743
890 4263 930 4312 eet
948 4260 1030 4314 etiem
1044 4258 1132 4326 plesse
1149 4257 1193 4312 uel
1211 4275 1270 4328 pro·

140 4334 258 4407 digiosis
361 4339 396 4393 28
422 4339 575 4394 destiterint
599 4356 632 4394 em
655 4339 718 4394 diet.
741 4343 770 4394 A
793 4357 863 4398 carr.
882 4361 915 4397 ou.
935 4348 951 4397 1
1054 4343 1182 4399 desinunt
1209 4345 1276 4400 libra-

138 4419 217 4487 ’ἴση
237 4423 369 4479 desinant’
388 4425 525 4492 Halmius,
544 4425 616 4494 quod
633 4427 754 4494 recipere
771 4423 830 4483 neu
848 4428 975 4484 dubitaui
