3178 5100
289 495 352 566 232
775 499 934 554 Saluiani

178 757 180 761 ,
288 689 403 754 dialem
426 689 530 752 diuino
551 690 671 753 cunctis
694 708 822 754 munere
844 689 912 754 dari
936 691 1040 754 nullus
1063 690 1166 766 homo,
1189 692 1225 753 ut
1247 707 1326 766 reor,
1350 711 1420 756 am·

287 791 391 876 tigit,
407 793 588 873 :quimodo
614 793 646 858 in
677 793 840 858 hominum
870 811 1037 858 numerum
1067 792 1318 875 referri-potest.
1358 794 1420 858 nisi

288 895 376 962 forte
390 896 588 977 perstantes
611 897 653 960 sit
676 897 858 978 sapientiae,
882 899 918 960 nt
941 915 1012 961 cum
1036 897 1179 966 numero·
1195 897 1304 980 generi
1327 900 1420 962 m'nn-

199 1005 201 1008 ’
287 991 353 1062 dds·
374 999 441 1080 ipse
463 1017 482 1061 a
504 1000 562 1063 deo
590 1001 680 1064 datus
709 1001 761 1080 sit,
794 1017 830 1064 ea
851 1017 929 1082 qnae
951 1001 994 1067 in·
1009 1003 1124 1065 mundo
1147 1004 1221 1066 snut
1238 1019 1299 1066 non
1322 1019 1341 1064 a
1363 1004 1419 1066 deo

287 1095 467 1168 hominibus
483 1103 563 1166 data
586 1105 766 1167 arbitretur.
802 1105 903 1183 igitur
924 1104 953 1168 si
975 1105 1080 1169 omnia
1100 1104 1245 1169 omuibus
1261 1105 1336 1168 deus
1360 1105 1420 1168 tri·
1441 1130 1453 1170 s

287 1205 366 1283 onir,
391 1208 510 1271 nemini
534 1207 663 1273 dubium
686 1210 744 1290 est,
774 1209 855 1289 quod
878 1227 924 1286 ea,
945 1224 1033 1291 *quae
1055 1209 1106 1275 dei
1129 1208 1208 1273 donc
1232 1209 1418 1290 recepimus,

287 1303 327 1372 ad
357 1301 408 1373 dei
442 1310 563 1374 cultum
598 1310 710 1374 referre
742 1305 891 1375 debemus
911 1313 945 1374 et
965 1313 1092 1376 ineius
1120 1329 1214 1392 opere
1237 1329 1418 1376 consumere

235 1418 383 1493 25quae·
400 1413 538 1478 eiusdem
569 1413 763 1494 sumpsimus*
787 1415 946 1496 largitate.
981 1415 1038 1478 hoc
1060 1417 1144 1478 enim
1174 1407 1223 1478 est
1252 1433 1419 1496 agnoscere

232 1515 247 1524 “’
286 1529 403 1580 munus
429 1517 477 1581 dei
500 1520 532 1580 et
554 1517 669 1582 diuinis
699 1517 857 1582 beneficiis
887 1519 966 1581 bene
986 1518 1045 1594 uti,
1073 1520 1112 1582 ut
1135 1517 1217 1582 dctis
1240 1518 1305 1582 suis
1326 1519 1420 1581 illum

286 1619 433 1702 honores,
464 1635 565 1702 aquo
588 1622 661 1686 data
682 1620 749 1702 ipsa
779 1622 950 1702 acceperis:
988 1622 1069 1702 quod
1092 1620 1219 1701 quidem
1241 1624 1336 1688 etiam
1359 1621 1454 1684 hn·1c

286 1719 447 1788 manarum
478 1742 582 1790 rerum
611 1727 752 1807 exempla
780 1725 917 1790 edocent.
952 1726 979 1788 si
1008 1727 1092 1788 enim
1121 1743 1196 1790 usus
1224 1744 1326 1790 rerum
1359 1725 1418 1788 ali·

285 1843 420 1908 quarum
443 1828 579 1909 cuipiam
602 1828 720 1892 homini
744 1829 876 1892 alterius
898 1827 1034 1893 hominis
1054 1828 1202 1892 beneficio
1219 1846 1256 1892 ec
1271 1828 1419 1911 largitate

286 1931 444 1994 tribuatur
467 1933 555 2013 isque
577 1933 730 1995 inmemor
753 1931 850 2008 illius,
874 1949 967 2012 aquo
983 1931 1123 1995 imotum
1143 1949 1249 1994 rerum
1272 1932 1418 2013 indeptus

285 2038 349 2109 est,
384 2039 524 2098 auertere
554 2033 592 2097 ab
624 2051 658 2097 eo
690 2036 757 2115 ipso
791 2034 1015 2117 proprietatem
1050 2036 1218 2117 praestitae
1247 2035 1293 2098 rei
1324 2037 1420 2116 atque

267 2137 421 2200 ‘alienare
454 2141 592 2215 conetur,
624 2155 724 2201 nonne
755 2137 986 2220 ingratissimus
1016 2140 1156 2202 omnium
1186 2140 1281 2220 atque
1307 2138 1455 2202 infide-rs
1571 2159 1572 2224 3

284 2237 427 2304 lissimus
459 2241 625 2317 iudicetur,
661 2243 714 2322 qui
743 2242 864 2306 oblitus
898 2241 1021 2306 scilicet
1051 2242 1185 2306 hominis
1219 2241 1351 2306 benefici
1383 2259 1420 2306 aa

283 2342 498 2408 liberalissimi
512 2407 517 2416 ,
531 2343 662 2425 spoliare
686 2344 790 2407 illum
823 2346 891 2410 iure
920 2343 1050 2409 dominii
1072 2345 1122 2407 sni
1144 2344 1234 2422 uelit,
1268 2345 1323 2425 qni
1346 2363 1420 2407 eum

233 2451 275 2516 26
284 2445 386 2529 ipsum
408 2463 484 2510 usus
506 2447 699 2528 possessione
721 2447 899 2511 ditaueriti
922 2459 953 2512 et
974 2466 1030 2511 uos
1053 2447 1160 2529 itaque
1177 2466 1269 2512 usum
1291 2450 1420 2510 tantum

284 2567 519 2613 earum-rerum
543 2550 735 2630 accepimus,
764 2567 841 2631 quas
864 2551 1025 2624 tenemus;
1060 2550 1267 2615 commodatis
1291 2550 1420 2614 anima

284 2653 342 2717 deo
371 2649 577 2724 facultatibus
609 2653 729 2716 utimur
751 2656 784 2716 ot
807 2655 896 2734 quasi
924 2653 1274 2735 precariipossesscres
1297 2671 1455 2718 sumnaao

283 2753 417 2836 denique
440 2757 634 2838 egredientes
654 2757 802 2821 emendo
821 2759 890 2836 isto,
914 2756 1049 2823 uelimus
1065 2758 1212 2834 nolimus,
1237 2756 1290 2820 hic
1305 2760 1419 2821 cuncta

283 2859 502 2941 relinquimus
540 2879 596 2924 cur·
626 2878 699 2942 ergo
729 2879 801 2924 cum
830 2877 1021 2941 possessores
1048 2860 1273 2925 usufructuarii
1305 2860 1418 2936 simne,

284 2965 365 3043 quod
394 2961 558 3028 nobiscum
587 2964 707 3028 auferre
738 2982 799 3028 non
827 2980 990 3044 possumus
1020 2970 1205 3028 auertere-a
1226 2965 1419 3045 proprietate

282 3066 400 3132 domini
423 3070 518 3150 atque
540 3067 677 3131 alienare
700 3069 916 3149 temptamus?
945 3083 1001 3130 cur
1021 3085 1082 3132 non
1105 3066 1268 3131 bonafide
1291 3067 1377 3132 datis
1399 3085 1418 3130 a

283 3169 339 3234 deo
362 3171 492 3236 resculis
521 3171 662 3234 utimur?
693 3171 853 3234 tenuimus
877 3171 978 3251 quoad
1000 3171 1107 3248 licuit,
1130 3170 1290 3234 tenuimus
1313 3170 1457 3251 quoadrs

230 3275 273 3340 27
282 3275 427 3354 permisit
450 3273 504 3338 ille
527 3275 581 3355 qui
604 3273 772 3354 praestitit.
805 3272 1011 3355 quid-rectius
1026 3274 1102 3354 quid
1125 3273 1297 3350 honestius,
1321 3291 1419 3354 quam

283 3378 319 3438 ut
341 3377 395 3440 ubi
418 3395 467 3441 res
492 3377 530 3440 ab
560 3396 595 3441 eo
626 3377 768 3455 discedit,
804 3378 857 3458 qui
887 3395 978 3441 usum
1009 3377 1131 3459 habuit,
1166 3380 1346 3441 reuertatur
1377 3377 1418 3440 ad

282 3497 355 3542 eum
384 3479 549 3560 possessio,
586 3481 640 3562 qui
669 3480 821 3544 utendam
850 3481 1028 3546 concessit?
1060 3480 1192 3561 denique
1213 3483 1310 3545 etiam
1332 3483 1418 3562 ipsae

281 3581 410 3646 hordei
433 3598 524 3648 uoces
541 3601 597 3664 per
613 3584 737 3667 linguas
760 3583 940 3650 litterarum
961 3594 1121 3650 sacrarum
1144 3585 1255 3650 iubent
1278 3583 1419 3648 timentes

330 3840 348 3892 3
375 3839 531 3908 ‘sapientiae
557 3841 662 3894 ironice
690 3841 794 3894 dictum
822 3855 882 3893 esse.
903 3840 959 3892 iam
982 3839 1114 3892 Pithoeus
1138 3839 1256 3892 monuit
1283 3838 1420 3892 Halmius

281 3927 464 3995 (insipientiae
485 3932 597 3994 praeter
612 3942 633 3993 p
651 3928 736 3980 etiosa
760 3928 854 3980 Paris.
873 3929 952 3991 2173)
1056 3925 1074 3978 6
1097 3924 1168 3978 duna
1187 3925 1246 3990 (sic)
1270 3923 1419 3991 accipimus

279 4011 308 4065 B
342 4039 345 4046 »
411 4013 521 4066 Senim
545 4016 587 4064 ert
610 4013 667 4065 AB
695 4016 737 4064 est
757 4013 827 4064 enim
844 4012 982 4066 Halmius
1005 4012 1046 4064 nit
1069 4010 1209 4064 adorem
1224 4011 1258 4063 iss
1274 4015 1421 4078 apparatu

279 4098 374 4152 critico
465 4097 636 4151 9beueficiis
655 4113 688 4151 eor
706 4097 828 4151 beneficis
846 4112 916 4152 corr.
934 4099 1002 4150 Μ
1019 4097 1047 4149 A
1138 4096 1377 4165 represserunt.
1395 4114 1416 4150 u

279 4201 312 4238 err
322 4181 402 4252 parte
414 4199 481 4240 cras.
501 4185 527 4236 A
618 4185 651 4236 21
670 4184 837 4238 hieacuncta
854 4185 881 4236 A
907 4183 970 4236 hinc
987 4185 1084 4236 cuncta
1101 4182 1150 4236 red
1164 4188 1264 4250 punct.
1282 4199 1300 4235 n
1318 4183 1346 4236 B

279 4270 316 4322 22*
328 4275 393 4336 port
410 4285 570 4338 possessores
587 4286 608 4323 s,
620 4271 638 4323 l.
650 4273 718 4324 Μ
745 4273 853 4323 tantum
865 4269 929 4325 add.
942 4270 1068 4338 Atqucd
1079 4272 1184 4338 recepit
1195 4269 1346 4332 Batonius)

279 4355 476 4422 usufructuari,
495 4357 554 4423 (sic)
573 4371 594 4410 o.
612 4357 622 4408 i
640 4371 725 4410 seno
750 4356 779 4409 A
881 4356 916 4410 25
939 4355 1048 4409 resculis
1068 4357 1179 4422 priores
1198 4361 1294 4423 punct.
1318 4355 1346 4409 B

279 4441 314 4494 28
332 4440 461 4494 utendam
479 4458 541 4496 cum
554 4458 584 4510 p,
603 4448 635 4496 ut
653 4440 721 4508 ord,
739 4441 883 4496 Halmius:
911 4441 1011 4495 utenda
1029 4443 1084 4496 AB
