3178 5100
499 483 538 537 ad
556 485 731 540 ecclesiam
754 486 784 540 II
803 490 818 550 ξ
836 487 946 542 til-67.
1225 491 1287 558 265

162 679 194 742 et
217 674 354 756 quietem
376 694 485 740 ueram
512 675 702 742 desideranti
725 694 785 740 non
815 678 881 758 pati
911 679 1036 744 tontum
1060 680 1153 746 nimis
1176 698 1289 765 magna

160 775 353 861 inquietudo,
387 777 441 842 sed
473 777 569 844 etium
598 778 705 844 nidere
736 779 963 860 quodammodo
992 799 1065 862 pars
1097 783 1146 846 est
1167 783 1290 866 inquie-

160 880 288 960 tudinis,
312 898 451 964 quaaque
474 881 601 948 etiamsi
622 881 755 946 subdere
778 881 891 964 aliquis
912 883 1098 966 disciplinae
1113 903 1149 951 ac
1164 886 1289 952 silentio

160 986 249 1066 uelit,
272 986 462 1068 conprimere
484 989 591 1052 tamen
614 1005 723 1052 eorum
743 987 990 1068 inquietudinem
1014 1007 1085 1054 cnm
1104 1007 1162 1057 suo
1185 991 1290 1071 quiete

141 1107 222 1156 snon
253 1089 367 1170 possit:
401 1092 477 1156 adeo
506 1091 601 1156 etiam
628 1091 699 1173 ipsa
720 1092 898 1158 emendatio
919 1093 1039 1159 alienae
1061 1092 1290 1176 inquietudinis

159 1194 354 1279 perturbatio
377 1196 425 1258 est
446 1195 570 1260 nostrae
592 1194 717 1277 quietis.
750 1195 825 1260 haec
840 1199 956 1280 tutem,
981 1215 1060 1279 quae
1075 1197 1113 1261 de
1135 1197 1194 1262 hoc
1216 1195 1343 1264 senutid

159 1299 254 1364 locuti
277 1315 393 1375 sumnus,
416 1297 456 1362 ad
478 1315 583 1362 omnes
604 1297 763 1379 pertinent
785 1299 931 1380 omnique
953 1299 1070 1382 pariter
1093 1301 1190 1366 aetati
1203 1303 1291 1368 senui

160 1401 398 1483 infirmitatique
434 1400 633 1466 conueniunt.
682 1419 744 1466 non
778 1405 827 1466 est
854 1403 969 1485 ,itaque
1007 1404 1088 1486 quod
1128 1404 1290 1487 conpetere

161 1505 327 1588 quisquam
350 1505 405 1569 aut
427 1521 488 1569 non
504 1503 610 1570 obesse
634 1503 763 1569 diuitias
785 1505 930 1588 religioni
951 1509 1058 1588 putet:
1079 1507 1291 1588 inpedimenta

127 1610 235 1674 dohaec
268 1608 344 1676 sunt
373 1626 434 1672 non
464 1608 657 1689 adiumenta,
691 1626 786 1674 onera
813 1626 875 1674 non
905 1609 1057 1676 subsidia.
1097 1610 1290 1691 possessione

160 1713 299 1778 enimet
326 1731 385 1776 usu
413 1729 508 1794 opum
536 1730 597 1778 non
629 1711 809 1778 suffulcitur
841 1714 951 1796 religio
981 1717 1035 1780 sed
1065 1712 1219 1782 euertitnr
1241 1731 1290 1780 se-

161 1817 298 1883 cundum
326 1817 421 1898 illud,
453 1818 533 1897 quod
564 1817 707 1882 dominus
736 1818 801 1899 ipse
830 1817 920 1888 dicit:
950 1817 1187 1884 sollicitudo
1210 1835 1290 1882 sae-

161 1921 237 1985 culi
275 1920 399 1984 istius
435 1922 473 1984 et
509 1919 675 1986 fallacia
711 1920 950 1988 dinitiarum
987 1922 1190 1988 suffocant
1229 1921 1290 1986 dei

160 2027 321 2091 uerbum
354 2025 393 2089 et
425 2023 510 2090 sine
545 2024 682 2090 fructu
714 2024 918 2090 efficitur.
956 2027 1078 2109 proprie
1114 2028 1223 2108 utique
1255 2042 1291 2090 ac

127 2129 240 2194 neatis
270 2127 398 2210 pulchre
427 2127 555 2194 fallaces
586 2128 665 2194 dixit
696 2147 763 2194 esse
789 2129 934 2195 diuitias:
965 2129 1047 2194 bona
1070 2129 1154 2194 enim
1178 2130 1211 2194 et
1231 2147 1290 2210 pu-

159 2233 270 2298 tantur
291 2235 324 2297 et
345 2232 542 2316 appellantur
557 2251 593 2298 ac
614 2252 670 2317 per
692 2232 750 2298 hoe
773 2233 889 2298 fallunt
904 2233 1045 2297 homines
1061 2233 1187 2298 nomine
1202 2247 1292 2315 prac-

159 2337 297 2402 sentinm
318 2335 481 2418 bonorum,
506 2355 577 2402 cum
600 2338 664 2402 sint
686 2353 795 2402 causae
818 2337 974 2402 malcrum
997 2322 1203 2402 aeternorum.

202 2457 311 2524 XIIII.
342 2457 403 2523 Sed
432 2458 508 2522 licet
533 2459 609 2522 haec
631 2459 677 2522 ita
699 2459 773 2540 sint,
802 2460 839 2522 nt
861 2460 936 2523 deus
959 2457 1027 2542 ipse
1050 2457 1211 2540 praedixit,
1235 2457 1290 2522 ad·
1301 2455 1343 2524 66

161 2562 357 2644 quiescamus
379 2564 486 2627 tamen
509 2559 643 2628 miseriis
665 2562 859 2644 quorundam
882 2566 977 2645 atque
999 2560 1212 2645 languoribus,
1237 2560 1291 2643 qui

126 2669 276 2747 reputant
297 2683 330 2730 se
352 2668 419 2732 sine
441 2667 566 2750 magnIs
588 2665 714 2732 omnino
738 2667 847 2750 opibus
870 2666 972 2732 uitam
995 2683 1086 2750 agere
1107 2682 1169 2730 non
1190 2681 1290 2747 posse.

160 2771 228 2834 esto
251 2773 296 2847 tu,
320 2770 508 2852 quicumque
531 2773 585 2835 aut
607 2787 822 2852 quoecumque
844 2771 902 2837 illa
917 2789 951 2835 es
974 2771 1076 2835 sancti
1098 2769 1232 2833 nominis
1255 2786 1291 2834 ac

160 2873 371 2954 professionis,
406 2877 472 2938 esto
507 2872 637 2938 diuitias
672 2875 738 2938 esto
770 2873 873 2956 copias
903 2877 974 2938 tuas
1005 2891 1104 2956 usque
1134 2871 1291 2937 adfinem

159 2978 246 3040 uitae
280 2975 372 3040 istius
405 2976 531 3061 habeas,
567 2979 734 3042 dummodo
766 2976 875 3042 saltim
897 2977 929 3041 in
957 2977 1019 3041 fine
1052 2975 1112 3041 tibi
1136 2975 1290 3040 conferasz

160 3083 227 3144 estc
249 3079 342 3144 rebus
358 3097 395 3144 ac
416 3078 621 3145 facultatibus
643 3082 708 3144 tuis
730 3081 763 3144 in
786 3081 853 3144 uita
868 3080 928 3144 hac
945 3082 992 3144 uti
1007 3080 1098 3156 uelis,
1123 3078 1290 3143 dummodo

124 3183 209 3248 actui
240 3183 293 3247 uel
325 3185 461 3248 moriens
494 3201 556 3248 non
590 3182 784 3248 obliuiscaris
811 3183 843 3248 et
872 3183 912 3247 ad
942 3183 1007 3247 eius
1042 3183 1160 3247 cultum
1197 3185 1290 3263 atque

159 3287 308 3351 honorem
336 3285 530 3350 referendam
558 3285 617 3349 tibi
640 3286 847 3351 substantiam
869 3290 958 3351 tuam
980 3285 1171 3366 memineris,
1202 3285 1290 3349 ouius

159 3389 192 3453 te
214 3407 346 3454 munere
366 3389 521 3471 accepisse
544 3391 712 3472 cognoscis.
750 3387 924 3454 humanum
952 3390 1001 3453 est
1023 3388 1106 3470 quod
1128 3388 1167 3452 ab
1190 3383 1342 3454 omni-67

145 3492 220 3558 ·bus
249 3493 347 3575 uobis,
378 3510 396 3556 o
420 3492 534 3556 diuites
556 3491 666 3556 mundi
696 3489 797 3574 huius,
828 3490 949 3572 petitur
972 3509 1009 3555 ac
1031 3491 1224 3557 deliciosum.
1263 3491 1291 3555 si

159 3596 316 3680 inpetrari
338 3595 376 3663 ab
407 3612 591 3679 unoquoque
622 3596 763 3660 uestrum
794 3613 855 3661 non
885 3599 998 3678 potest,
1030 3599 1067 3659 ut
1089 3613 1156 3660 esse
1178 3595 1212 3658 in
1234 3594 1292 3659 hoc

264 3759 297 3813 12
319 3759 420 3813 naun.
440 3759 479 3825 13,
497 3759 532 3814 22

210 3908 229 3962 3
255 3905 375 3977 subdere]
399 3906 491 3962 sedare
514 3921 549 3961 aar
571 3905 659 3960 aedae
676 3919 746 3962 corr.
764 3922 799 3960 m.
818 3910 836 3960 2
858 3906 886 3962 B
990 3905 1006 3959 7
1034 3905 1120 3960 aetati
1144 3917 1179 3962 eet
1201 3907 1292 3960 aetate

156 4009 230 4048 corr.
248 4009 285 4048 m.
300 3995 320 4046 2
337 3993 365 4048 Β
382 3993 446 4050 coer
463 3993 557 4048 actim
575 3992 767 4060 impedimenta
785 4008 819 4046 aa
836 3992 892 4062 inp.
998 3993 1032 4048 ll
1048 3991 1202 4061 religiensi·
1218 4005 1293 4044 euer-

157 4083 232 4137 titnr
250 4081 311 4148 (cic)
334 4096 404 4134 erus.
429 4081 447 4134 d
468 4096 504 4134 aa
522 4084 538 4134 1
559 4079 587 4134 A
614 4080 740 4149 religiose
763 4079 914 4134 deuertitur
938 4079 966 4134 B
991 4079 1089 4147 religio
1113 4078 1159 4132 sed
1182 4076 1291 4131 subuer-

155 4169 231 4222 titnr
258 4168 331 4235 (caea
358 4165 384 4233 t)
410 4166 451 4221 ed.
481 4166 618 4222 Bomos
740 4167 773 4220 13
798 4165 908 4222 saltada
934 4165 960 4219 d.
988 4179 1009 4221 s.
1036 4165 1082 4218 dm
1109 4163 1168 4228 (sic)
1196 4162 1223 4216 Β
1268 4219 1270 4222 .

155 4254 193 4308 23
211 4252 309 4308 saltem
326 4269 360 4308 aa
378 4253 470 4306 saltim
488 4267 559 4307 corr.
577 4269 611 4307 m.
630 4255 650 4306 2
667 4254 695 4307 Δ
713 4253 786 4319 (itera
800 4252 888 4320 paeon
900 4255 973 4322 post)
1077 4249 1210 4318 conteras]
1229 4263 1292 4302 eon·

155 4340 234 4394 sulas
250 4340 410 4408 empireum
427 4339 573 4394 Hortelios
595 4339 664 4393 cord.
680 4355 709 4406 p.
728 4340 794 4404 266,
812 4342 849 4394 28
950 4337 985 4391 28
1008 4336 1163 4390 deliciosam
1187 4351 1222 4390 es
1244 4334 1292 4390 dil.

154 4441 228 4480 corr.
247 4441 281 4480 m.
299 4429 317 4480 2
334 4425 362 4480 Β
