3178 5100
612 477 761 545 epistole
783 477 876 532 vnn.
1244 481 1308 548 22ss

178 667 339 748 scripsisse
372 667 500 745 dieitur,
535 685 589 747 por
617 686 710 749 quem
738 667 856 732 foetum
886 667 992 732 estut
1015 667 1211 734 scriberetur.
1247 667 1362 735 herbo

178 787 271 836 cause
293 771 390 855 igitur
412 769 444 835 in
473 771 567 836 titulo
595 769 776 836 libellorum
797 769 954 836 Timothei
976 787 1090 834 nomen
1119 769 1305 852 inscriptum

178 876 233 940 ost.
270 891 441 956 congruum
471 873 625 955 siquidem
654 876 787 957 scriptor
810 875 865 939 ille
887 873 1087 949 existimauit,
1117 878 1152 939 ut
1176 891 1248 938 oum
1272 874 1305 938 in

176 977 325 1042 honorem
348 978 399 1042 dei
421 976 545 1042 libellos
568 977 726 1059 scriberet,
757 979 818 1061 ipsi
841 977 1014 1043 diuinitatis
1037 978 1147 1042 honori
1171 977 1306 1042 titulum

156 1082 380 1147 eoonseorsret.
417 1081 526 1160 hebes,
557 1099 574 1145 o
604 1082 649 1146 mi
681 1081 803 1159 Saloni,
834 1081 948 1147 ceritas
980 1099 1064 1159 mea,
1095 1080 1190 1145 habes
1221 1081 1304 1162 quod

176 1185 316 1266 exegisti,
339 1183 459 1266 inpleui
481 1201 557 1267 opus
579 1184 719 1250 muneris
743 1184 887 1268 inpereti.
918 1185 1059 1268 superest
1082 1185 1126 1260 ut,
1150 1185 1224 1266 quia
1245 1201 1302 1266 ego

176 1307 244 1354 sum
273 1288 400 1352 functus
429 1287 571 1370 portibus
595 1287 691 1366 meis,
715 1288 748 1353 et
770 1292 806 1352 tu
828 1287 967 1370 iungeris
989 1286 1071 1368 tuis,
1094 1287 1127 1352 id
1150 1290 1212 1367 est,
1235 1303 1304 1350 ores

176 1390 338 1456 dominum
371 1391 464 1458 deum
499 1394 639 1458 nostrum
662 1393 695 1456 et
726 1394 841 1458 orendo
875 1392 1025 1473 inpetres,
1060 1394 1096 1456 ut
1129 1389 1229 1456 libelli
1264 1389 1304 1455 od

176 1495 340 1560 ecelesiam
356 1493 473 1559 Christi
496 1495 611 1559 honore
627 1495 797 1576 eonseripti
812 1497 936 1559 tautum
953 1495 1034 1578 apud
1051 1497 1143 1560 deum
1159 1491 1304 1575 scriptori

141 1614 230 1662 usuo
257 1598 389 1679 prosint,
418 1601 570 1680 quantum
602 1617 651 1663 eos
680 1599 827 1679 prodesse
856 1599 921 1682 ipse
945 1598 1089 1664 omnibus
1112 1598 1207 1679 eupit.
1246 1615 1304 1663 neo

176 1701 339 1783 iniustum,
362 1705 447 1783 puto,
471 1704 520 1766 est
542 1701 741 1780 desiderium,
765 1720 825 1784 quo
847 1704 973 1767 tontum
991 1701 1053 1766 sibi
1076 1700 1189 1783 aliquis
1212 1719 1303 1782 prae·

176 1806 253 1870 steri
285 1806 423 1887 postulat
456 1823 512 1887 pro
545 1806 656 1881 solute,
690 1807 843 1890 quantum
878 1808 943 1889 ipse
978 1809 1066 1888 optat
1096 1804 1218 1870 eunetis
1247 1821 1304 1886 pro

175 1907 313 1975 ueritate.
352 1909 430 1987 uolo,
453 1909 497 1973 mi
520 1907 635 1990 Saloni,
659 1911 754 1975 decus
776 1913 915 1975 nostrum
939 1912 1033 1992 utque
1056 1908 1241 1974 subsidium.

227 2197 1140 2254 1foetumexisotusBeorr.m.2tiemstatimheeeeobeeo
1239 2197 1305 2252 2in

172 2284 333 2354 titulump
435 2285 645 2354 4libellump
747 2285 830 2339 titulo
847 2285 875 2339 B
897 2285 963 2353 sort.
981 2291 1054 2339 reete
1157 2283 1305 2339 bkuritos

173 2372 202 2426 Β
314 2370 466 2426 lfunotus
493 2386 598 2439 sump
709 2370 786 2425 hores
809 2377 907 2440 pemet.
934 2369 952 2424 h
980 2370 1008 2424 B
1121 2369 1195 2424 bid
1221 2369 1305 2438 impe-

173 2460 264 2528 tresp
369 2459 400 2512 11
419 2457 489 2528 qood
504 2465 600 2527 ponet.
620 2458 637 2511 tl
655 2457 683 2512 Β
787 2457 819 2514 13
842 2457 934 2512 Saloni
952 2458 1101 2513 Bolosiuo:
1130 2473 1178 2514 ooo.
1199 2455 1238 2524 B,
1266 2454 1306 2510 mi

175 2545 266 2600 Saloni
285 2560 373 2614 oon.p
400 2544 435 2612 os.
453 2551 478 2611 p.
497 2548 521 2599 5.
