3132 5096
238 491 300 556 124
723 489 879 544 saraiam

202 673 441 757 3perditionem
471 693 536 740 esse
567 675 748 740 multorum.
787 694 844 741 nec
873 677 1007 743 iniuria:
1040 679 1220 763 intellegere
1244 682 1271 746 is
1294 682 1362 764 qui·

236 797 368 861 cumque
391 779 503 862 legerit
524 781 616 845 debet
639 798 700 845 nou
722 779 877 862 superflue
899 799 951 846 me
969 780 1112 864 superius
1135 786 1173 848 de
1195 803 1257 852 une
1281 786 1362 850 malo

235 880 340 963 eliqua
367 880 489 960 dixisse,
520 899 593 949 cum
623 883 745 948 scilieet
767 882 1019 967 frequentissime
1043 885 1166 952 diuinae
1188 887 1362 954 maiestatis

233 983 393 1050 iracundie
416 985 513 1052 etium
535 1003 590 1068 per
612 1004 711 1050 unum
734 986 858 1066 legetur
881 1004 1020 1052 accense.
1059 989 1113 1052 sod
1140 1007 1196 1071 ego
1219 1007 1282 1054 uon
1304 1008 1363 1074 ugo

234 1077 297 1152 huc
323 1087 516 1154 districtione
543 1107 607 1170 qne
635 1089 711 1153 dico.
750 1106 849 1173 neque
877 1090 960 1155 enim
989 1108 1114 1156 necesse
1138 1092 1243 1157 estut
1265 1111 1401 1158 unume

233 1189 340 1257 obesse
363 1192 506 1256 omnibus
530 1195 691 1272 putemus,
723 1209 795 1259 cum
817 1208 923 1256 umnoe
947 1195 1056 1284 mutuo
1079 1193 1140 1258 sibi
1163 1197 1280 1275 obsint:
1303 1214 1363 1260 non

233 1294 378 1359 conuenit
405 1296 441 1358 ut
470 1312 525 1375 per
553 1314 650 1359 unum
679 1297 806 1360 cunctos
828 1295 998 1379 periclitari
1022 1299 1184 1378 putemus,
1214 1317 1287 1364 eum
1309 1318 1363 1382 per

233 1415 266 1462 se
289 1399 395 1462 cuncti
417 1397 643 1479 periclitentur.
674 1415 780 1462 omnes
803 1397 887 1462 euim
911 1399 1078 1466 admodum
1101 1399 1135 1464 in
1157 1401 1362 1482 perditionem

201 1499 330 1565 4ruunt
351 1504 407 1564 eut
429 1487 520 1580 certo,
543 1504 580 1565 ut
602 1501 720 1584 aliquid
743 1501 844 1567 dicum
866 1501 978 1582 lenius,
1005 1518 1103 1584 paene
1126 1509 1241 1571 ornnes.
1281 1506 1363 1571 unde

233 1601 315 1668 enim
344 1602 402 1668 hoc
431 1605 546 1668 bonum
573 1604 686 1686 populo
716 1602 902 1682 Christiano,
918 1608 969 1691 ut
998 1610 1053 1670 unt
1077 1605 1177 1672 minor
1199 1609 1256 1673 aut
1280 1609 1400 1674 certero

233 1707 283 1770 uel
305 1704 390 1772 idem
414 1708 495 1772 esset
523 1707 679 1772 mulorum
706 1722 855 1774 uumerus
878 1707 932 1790 qni
954 1708 1127 1775 bonorum?
1161 1710 1362 1777 omiseriurn

232 1807 477 1876 lacrimabilem!
501 1825 518 1876 o
533 1809 693 1876 miseriem
708 1811 902 1876 luctuosam!
925 1829 1020 1893 quom
1033 1812 1200 1880 ‘dissimilis
1214 1816 1265 1880 est
1279 1833 1363 1880 nuuc

232 1930 252 1976 a
272 1931 305 1977 sc
328 1914 394 1995 ipsc
415 1914 546 1997 populus
563 1912 768 1992 christidolus,
785 1913 886 1979 idest
905 1914 943 1978 at
961 1932 1006 1993 eo,
1028 1916 1083 1998 qui
1106 1915 1168 1982 fuit
1191 1919 1362 2000 quondum!

232 2017 317 2080 tunc¹
335 2016 478 2098 princeps
506 2015 718 2100 apostolorum
742 2015 856 2082 Petrus
883 2019 1040 2084 Ananiam
1063 2019 1095 2082 et
1118 2018 1259 2105 Safirem,
1290 2022 1363 2102 quis

233 2117 360 2182 mentiti
387 2122 504 2198 essem,
536 2123 638 2184 morte
666 2119 836 2185 multuuit.'
866 2120 1065 2188 beatissimus
1094 2139 1214 2206 quoque
1244 2124 1361 2190 Paulus
1372 2146 1400 2188 15

232 2219 326 2285 eiiam
349 2237 448 2286 unum
469 2223 507 2288 de
530 2221 662 2288 ecclesie
684 2221 804 2288 mulum
826 2225 956 2306 expulit,
979 2241 1018 2290 ne
1041 2228 1188 2292 contactu
1211 2243 1267 2291 suo
1290 2228 1364 2310 plu·

198 2318 327 2390 trimos
342 2325 529 2407 inquinaret.
555 2343 637 2392 nuno
654 2343 709 2391 nes
726 2327 821 2392 etiem
842 2328 910 2411 peri
926 2327 1088 2412 utriusque
1109 2317 1209 2411 portis
1233 2315 1362 2396 numero

232 2427 371 2492 contenti
394 2445 513 2495 sumus.
551 2429 679 2512 etquid
703 2430 841 2496 contenti
860 2431 988 2497 dicum?
1018 2429 1158 2498 exultare
1180 2449 1235 2498 nos
1257 2434 1362 2515 potius

229 2549 267 2597 au
289 2532 461 2614 tripudiare
495 2534 607 2616 gaudio
638 2535 831 2618 conueniret,
863 2533 896 2598 ui
924 2535 1069 2616 parilitas
1093 2535 1181 2602 uobis
1203 2535 1266 2600 ista
1287 2543 1362 2602 cou-

229 2633 375 2718 tingeret,
415 2653 485 2700 eece
513 2637 545 2700 in
578 2635 654 2718 qnid
688 2636 863 2718 recidimus,
897 2655 967 2704 ecce
997 2641 1031 2703 in
1054 2637 1139 2722 ¹quid
1169 2642 1239 2720 post
1272 2639 1401 2704 illemeo

177 2788 178 2793 ,
229 2735 398 2804 Christiani
420 2737 527 2821 populi
556 2739 743 2821 puritatem,
775 2743 837 2824 qua
858 2758 965 2808 omnes
988 2741 1143 2825 quondum
1167 2733 1362 2808 immaculati

334 2945 367 2998 14
384 2945 480 3000 Actu
583 2945 648 3000 151
667 2945 729 3001 Cor,
746 2947 770 3011 5,
789 2945 806 2998 6

281 3136 296 3188 1
319 3135 362 3188 his
385 3135 413 3188 Β
518 3135 534 3190 2
558 3134 655 3204 legerit
682 3151 716 3190 cx
734 3135 834 3205 legeret
851 3136 879 3192 A
897 3151 966 3192 corre
984 3141 1055 3194 roz
1157 3136 1174 3190 3
1197 3136 1303 3192 dixisse.
1332 3139 1361 3190 et

226 3237 291 3275 cum
314 3222 342 3275 A
443 3221 462 3275 4
486 3237 549 3292 cogo
569 3222 625 3288 (sic)
645 3237 675 3292 so
694 3227 725 3290 (s.
740 3236 790 3278 scr.
807 3224 876 3276 Μ
895 3221 924 3289 h)
942 3224 970 3277 A
1031 3285 1033 3292 ,
1072 3224 1088 3278 5
1112 3223 1281 3280 districtione
1304 3223 1360 3278 AB

228 3306 312 3376 (quod
338 3307 514 3362 reticendum
536 3308 642 3376 potaret
667 3307 734 3378 quio
760 3307 854 3362 cadero
879 3308 1080 3378 sipoiptcctc'ouc
1102 3309 1303 3364 :seueritate
1329 3311 1360 3364 io

226 3379 352 3448 coenus
370 3394 445 3449 codd.
465 3395 586 3448 recurrit
603 3393 640 3447 cot
657 3391 733 3449 Eccl.
753 3391 775 3446 I
790 3395 833 3458 50,
850 3394 906 3460 ubi,
925 3394 998 3462 quod
1014 3395 1045 3448 tre
1062 3385 1184 3451 transitu
1200 3398 1359 3464 meruerim,

228 3469 286 3534 roc
312 3480 442 3534 seueritas
466 3480 623 3548 praecolit·
648 3485 767 3535 ceterum
793 3479 838 3546 cfr
856 3479 1058 3549 Nippcrdcium
1087 3481 1150 3536 ch.
1178 3481 1254 3536 Auo,
1282 3475 1364 3536 IIII

225 3567 265 3621 36
291 3565 448 3634 Kempticm
476 3564 535 3620 Vol.
559 3565 638 3621 Marc.
663 3565 749 3632 119,
774 3569 802 3632 6)
833 3564 1006 3620 destrictione
1031 3566 1165 3622 Halmius
1193 3569 1360 3622 restrictione

226 3651 412 3718 confidentius
434 3651 579 3720 proposuit
605 3651 664 3707 ΡΧ
672 3651 782 3708 nocer
808 3654 848 3708 ter:
861 3661 1003 3722 procreem.
1023 3652 1221 3724 Freretnpmei
1244 3658 1360 3710 d.1869

227 3755 255 3806 p.
274 3741 308 3792 15
410 3737 427 3792 6
452 3739 575 3806 putemus
594 3737 726 3792 Halmius
749 3743 833 3802 recte,
852 3743 885 3793 ut
903 3738 991 3807 paulo
1008 3745 1072 3807 post
1089 3745 1130 3795 cet
1146 3741 1179 3795 iro
1197 3740 1241 3794 A:
1266 3743 1359 3810 putem

228 3825 256 3876 A
279 3823 325 3891 (dc
342 3824 370 3877 B
388 3824 481 3878 Halos
506 3839 563 3878 recor
586 3824 664 3894 ordo.)
766 3827 860 3893 putem
886 3825 914 3880 B
1001 3825 1034 3879 ¹8
1055 3825 1275 3896 supertitiosum
1299 3827 1358 3892 (eici

226 3910 255 3963 A
358 3911 375 3964 9
398 3913 481 3963 ruunt
494 3934 525 3964 e»
541 3913 573 3964 ut
591 3911 619 3964 A
635 3911 683 3965 eod
700 3911 732 3964 irc
749 3926 836 3980 morp.
855 3925 891 3966 or.
909 3911 1049 3967 recccttse.
1065 3911 1129 3968 add.
1150 3915 1201 3966 sut
1218 3917 1290 3966 uerte

225 3995 332 4066 ¹reliquid
348 4002 376 4051 A
394 4002 419 4052 et
437 3997 507 4052 corut:
525 3996 741 4054 Admetum:
769 3997 845 4052 uliud
867 3997 910 4051 Β,
947 4005 949 4010 “
1000 3999 1033 4053 10
1055 3999 1144 4053 minor
1165 3999 1221 4054 AB
1245 4005 1270 4054 et
1288 4001 1358 4056 corsi.

227 4083 430 4139 Ritteretmsios
455 4085 526 4150 (ruore
548 4084 742 4149 certet-minor,
766 4089 798 4140 ut
821 4083 880 4140 rcll.
902 4083 1005 4152 coddr
1024 4089 1144 4140 ctorem
1158 4086 1248 4140 minor
1263 4089 1311 4140 cut
1327 4088 1360 4140 irc

227 4170 255 4223 A
277 4173 312 4224 σω
328 4176 410 4238 parto
434 4171 550 4225 macuti
574 4175 600 4224 et
622 4171 654 4223 iro
676 4185 763 4240 moro.
781 4187 815 4224 oo
833 4172 972 4227 recoctus.
994 4171 1058 4228 add.
1076 4177 1109 4226 ut
1126 4173 1175 4226 unt
1192 4172 1287 4241 minor)

228 4255 262 4309 14
288 4257 439 4311 Annuuiem
466 4258 494 4311 A
558 4295 560 4302 ,
598 4255 740 4324 Suplri'rcm
755 4257 795 4311 'B
900 4257 931 4311 17
958 4258 1043 4327 portis
1068 4273 1102 4313 ern
1123 4261 1213 4327 portes
1235 4259 1263 4312 A
1287 4275 1360 4314 eurr.

224 4343 298 4396 rod
402 4344 435 4398 18
453 4343 574 4413 cuntepti
593 4343 628 4398 Β·
724 4343 758 4397 20
779 4343 807 4397 in
826 4343 891 4412 quid
910 4359 943 4398 cu
961 4343 1052 4413 inquit
1070 4359 1141 4401 corr.
1160 4345 1193 4399 to
1210 4361 1226 4401 o
1244 4344 1358 4401 Braeci-

224 4441 329 4484 cuooe:
357 4428 449 4496 inquit
467 4435 508 4484 tcr
526 4429 582 4485 AB
685 4429 831 4484 recedimus
849 4430 904 4484 AB
