3178 5100
290 445 352 512 178
772 444 935 500 Saluiani

291 635 381 726 probi
402 633 495 702 officii
517 636 759 719 procurationes,
782 655 854 702 cum
876 637 1047 704 uiderimus
1070 637 1170 721 qualis
1194 638 1343 726 extiterit,
1366 638 1421 704 ubi

292 740 407 804 summi
431 757 553 822 semper
575 740 662 806 fuere
684 742 828 806 rectores.
856 758 917 823 quo
938 741 1006 808 loeo
1027 759 1121 824 propo
1136 744 1183 808 est
1205 743 1242 806 ut
1263 741 1422 824 paeniteat

173 901 175 904 .
291 860 342 908 me
364 841 578 924 promissionis
601 860 698 922 meae,
721 843 835 921 idest,
858 845 940 926 quod
962 843 1102 927 superius
1117 844 1275 927 spopondi,
1300 842 1420 938 cunctis

291 963 385 1030 prope
402 944 551 1010 Afrorum
574 945 756 1012 criminibus
773 945 1003 1030 praetermissis
1019 947 1056 1010 de
1070 946 1309 1030 impuritatibus
1331 964 1422 1031 prae·

240 1044 283 1110 to
292 1049 381 1130 cipue
404 1066 440 1114 ac
465 1048 668 1131 blasphemiis
698 1067 806 1114 eorum
835 1068 886 1114 me
917 1067 984 1116 esse
1013 1048 1183 1116 dicturum.
1221 1034 1312 1114 uideo
1336 1049 1456 1115 enims

291 1153 381 1235 quasi
404 1152 647 1217 scaturrientem
671 1153 759 1220 uitiis
774 1153 945 1234 ciuitatem,
969 1153 1059 1219 uideo
1081 1155 1191 1221 urbem
1208 1152 1350 1219 omnium
1372 1153 1422 1218 in-

291 1255 462 1338 iquitatum
483 1273 596 1340 genere
618 1256 800 1334 dementem,
824 1258 947 1339 plenam
971 1257 1096 1339 quidem
1118 1256 1221 1324 turbis
1244 1257 1299 1322 scd
1321 1256 1422 1340 magis

290 1357 555 1442 turpitudinibus,
578 1358 702 1442 plenam
725 1359 846 1425 diuitiis
869 1360 923 1426 sed
946 1360 1049 1444 magis
1072 1360 1177 1440 uitiis,
1207 1358 1368 1424 uincentes
1389 1375 1423 1423 se

291 1461 428 1528 inuicem
451 1461 590 1530 homines
613 1462 754 1547 nequitia
775 1462 968 1548 flagitiorum
990 1481 1129 1544 suorum,
1152 1463 1230 1529 alios
1248 1461 1423 1544 rapacitate

291 1565 368 1630 alios
390 1564 575 1648 impuritate
598 1568 760 1645 certantes,
783 1567 862 1634 elios
884 1567 958 1632 uino
980 1565 1145 1650 languidos
1167 1566 1246 1634 alios
1269 1565 1423 1631 cruditate
1432 1591 1457 1631 ro

291 1669 454 1755 distentos,
477 1670 533 1734 hos
556 1669 647 1734 sertis
670 1670 831 1736 redimitos
853 1661 933 1736 illos'
949 1671 1117 1753 unguentis
1139 1670 1269 1749 oblitos,
1293 1673 1422 1734 cunctos

291 1772 378 1838 uario
401 1775 492 1840 luxus
515 1790 654 1840 marcore
684 1775 838 1856 perditos,
867 1775 923 1840 scd
952 1793 1047 1859 paone
1069 1792 1176 1840 omnes
1199 1792 1262 1838 una
1284 1790 1423 1838 errorum

290 1879 392 1942 morte
420 1880 607 1960 prostratos,
643 1895 705 1945 non
734 1896 840 1942 omnes
871 1877 1000 1959 quidem
1028 1877 1200 1945 uinulentia
1232 1875 1423 1942 temulentos

291 1980 345 2045 sed
373 1996 478 2046 omnes
495 1983 613 2048 tamen
644 1982 778 2064 peccetis
806 1983 916 2048 ebrios.
961 1983 1091 2067 populos
1119 1985 1246 2067 putares
1269 1998 1332 2046 non
1354 1980 1424 2046 sani

292 2085 395 2148 status
418 2102 480 2148 non
502 2086 551 2150 sui
573 2103 692 2164 sensus,
716 2105 778 2151 non
801 2085 905 2150 animo
929 2086 1100 2152 incolumes
1122 2104 1183 2150 non
1204 2085 1312 2170 gradu,
1335 2084 1458 2166 quasia

291 2185 325 2250 in
352 2202 470 2251 morsm
500 2189 730 2270 crapulatorum
759 2189 924 2256 turbarum
954 2190 1138 2255 cateruatim
1165 2189 1199 2253 in
1224 2207 1258 2252 se
1286 2188 1423 2252 ruentes.

241 2281 281 2348 71
291 2288 354 2354 iam
385 2308 459 2356 uero
489 2291 569 2358 illud
603 2293 777 2358 cuiusmodi
798 2298 853 2358 aut
883 2310 976 2375 quam
1006 2310 1123 2374 graue,
1155 2311 1267 2376 genere
1297 2291 1425 2373 quidem

293 2393 408 2478 dispar,
433 2395 488 2460 scd
502 2395 671 2478 iniquitate
693 2415 754 2461 non
777 2396 892 2478 dispar,
917 2396 977 2460 nisi
992 2397 1025 2460 in
1048 2397 1106 2460 hoo
1119 2397 1225 2479 dispar
1248 2393 1328 2459 sorte
1351 2393 1425 2476 quia

292 2497 406 2565 maius.
430 2499 671 2579 proscriptiones
689 2498 756 2565 dico
769 2499 949 2564 orfanorum
964 2498 1130 2565 uiduarum
1145 2497 1329 2564 afflictiones
1344 2516 1424 2580 pau·

292 2619 402 2684 perum
435 2619 556 2666 cruces:
589 2601 643 2684 qui
677 2601 923 2686 ingemescentes
951 2603 1063 2668 cotidie
1093 2602 1132 2667 ad
1155 2603 1248 2668 deum
1271 2619 1307 2666 ac
1329 2601 1460 2667 tinomao

292 2703 447 2768 malorum
475 2705 668 2785 inprecantes
690 2708 733 2788 et,
762 2707 843 2787 quod
869 2706 1093 2788 grauissimum
1122 2708 1177 2784 est,
1205 2705 1365 2772 interdum
1388 2703 1423 2770 ui

291 2805 408 2871 nimiae
444 2805 664 2872 amaritudinis
698 2806 794 2872 etiam
828 2809 1002 2873 aduentum
1038 2809 1178 2876 hostium
1214 2808 1421 2892 postulantes,

292 2908 460 2992 aliquando
476 2928 495 2975 a
514 2912 571 2976 deo
593 2910 809 2992 impetrarunt,
834 2913 869 2975 ut
893 2913 1065 2976 euersiones
1087 2912 1215 2978 tandem
1230 2931 1266 2978 uo
1279 2911 1422 2976 barbaris

292 3011 327 3076 in
359 3029 524 3079 commune
559 3012 742 3096 tolerarent,
776 3032 853 3097 quas
886 3015 946 3082 soli
976 3033 995 3080 a
1023 3015 1172 3080 Romanis
1203 3018 1275 3080 ente
1303 3014 1422 3080 tolera·

293 3120 412 3184 uerunt.
1433 3138 1463 3182 as

243 3232 285 3299 72
336 3235 439 3304 XVII.
473 3235 533 3302 Sed
560 3240 627 3303 esto
653 3237 729 3304 haec
759 3239 866 3304 omnia
897 3240 1199 3322 praetermittantur,
1234 3240 1307 3323 quia
1335 3242 1367 3304 et
1390 3239 1424 3304 in

293 3340 380 3404 omni
414 3339 511 3406 ferme
545 3341 682 3424 aguntur
715 3343 787 3407 orbe
821 3342 961 3408 Romarm
995 3345 1027 3408 et
1059 3342 1209 3425 spopondi
1239 3360 1289 3406 mc
1312 3341 1423 3408 dehis

346 3615 362 3668 1
374 3614 571 3684 procurationes
582 3629 617 3668 erc
629 3615 684 3670 ·nis
696 3615 725 3668 A
736 3630 806 3670 corr.
819 3631 853 3669 m.
865 3619 884 3672 2
979 3616 997 3669 3
1010 3615 1181 3685 professionis
1193 3616 1221 3670 Β
1318 3615 1337 3670 4
1347 3632 1423 3684 prae-

294 3701 386 3768 cipuae
399 3706 499 3770 pemct
517 3707 647 3770 apoeter.
666 3703 694 3757 A
789 3703 864 3757 {rme
881 3717 931 3756 om.
950 3700 1007 3755 AB
1024 3701 1117 3768 (rell.);
1145 3703 1177 3755 tc
1193 3719 1210 3757 o
1227 3717 1314 3771 murp.
1333 3702 1426 3759 adacr.

293 3786 482 3841 Brassicaous
584 3786 602 3841 6
624 3787 812 3842 scaturientem
832 3803 854 3843 a.
872 3803 923 3844 scr.
941 3787 990 3842 ate.
1008 3804 1022 3840 r
1039 3804 1074 3841 m.
1091 3790 1112 3841 2
1128 3787 1156 3841 A
1175 3787 1210 3854 cf.
1229 3787 1267 3841 ad
1285 3787 1358 3842 143

295 3872 329 3927 10
345 3872 503 3927 crudelitato
521 3889 555 3928 ec
572 3874 600 3928 A
618 3873 713 3929 adauct.
731 3874 862 3930 Halmius
970 3875 1003 3928 11
1021 3876 1165 3943 ungnentis
1184 3890 1219 3929 en
1237 3878 1291 3929 ·tes
1308 3875 1336 3929 A
1354 3889 1427 3932 corr.

293 3963 356 4014 Μ
425 3959 459 4014 14
470 3976 560 4016 omnes
569 3967 596 4017 et
607 3961 694 4017 ebrios
704 3967 730 4017 ct
740 3962 852 4033 populos
860 3962 888 4016 A
901 3977 971 4019 corr.
980 3977 1015 4018 erc
1026 3963 1121 4030 omnis,
1134 3961 1231 4029 ebrius,
1243 3961 1356 4032 populus

294 4049 384 4103 tamen
401 4061 453 4104 om.
471 4047 500 4103 Β
602 4047 636 4104 lt
652 4047 796 4104 incolomes
813 4049 870 4103 AB
973 4048 1008 4103 16
1023 4049 1161 4104 immorem
1177 4049 1206 4102 A
1305 4048 1428 4104 inse-ru·

294 4137 370 4186 entes
383 4134 443 4203 (sic)
461 4134 502 4188 A:
526 4133 706 4189 inseruientes
723 4133 752 4189 Β
855 4135 888 4190 18
905 4140 924 4189 n
937 4141 1001 4204 post
1017 4135 1162 4204 iniquitate
1179 4147 1201 4190 s.
1214 4134 1232 4189 l.
1244 4137 1312 4190 mat
1329 4135 1357 4189 A

295 4218 330 4272 ΒΟ
355 4218 565 4289 ingemiscentes
591 4237 627 4276 cor
651 4220 860 4290 ingemiscentes
887 4221 915 4275 A
937 4227 1002 4276 mot.
1024 4223 1098 4276 m.2
1200 4220 1234 4276 23
1260 4221 1431 4278 euersionem

296 4303 324 4357 Β
426 4307 461 4361 24
486 4310 549 4363 ante
574 4312 600 4375 (a
616 4323 652 4364 m.
670 4309 690 4362 2
707 4305 785 4376 add)
809 4307 929 4362 romanis
957 4307 985 4362 Β
1089 4306 1122 4362 at
1145 4307 1220 4362 omni
1243 4323 1279 4362 cx
1302 4322 1381 4362 omne
1400 4311 1432 4364 A

295 4405 365 4446 corr.
381 4408 417 4448 oa
434 4395 454 4448 2
471 4395 536 4450 item
549 4400 615 4465 post
632 4395 695 4450 orbe
714 4409 750 4449 erc
767 4395 831 4450 urbe
