3132 5096
462 465 500 520 do
518 466 656 536 gubern.
673 468 726 524 dei
744 471 783 528 VI
806 476 822 537 ξ
840 472 950 526 14-20.
1207 477 1270 550 129

146 655 231 723 soloe
253 655 445 730 theatrorum
467 656 667 742 imperitetss
689 662 773 742 suut
802 680 880 745 quoe
901 662 1031 734 honeste
1053 684 1116 735 ubo
1137 669 1270 750 possunt

146 760 196 823 usl
230 759 378 829 cremori.
414 761 463 828 itu
489 778 573 835 rouo
600 762 634 830 iu
664 765 857 850 coarguendo
889 767 1004 836 horum
1037 769 1269 852 turpitudinum
1281 773 1321 840 18
1445 831 1446 834 ,

145 863 352 946 probrositate
367 882 417 928 res
434 865 540 931 euenit
562 868 717 950 urguenti.
740 871 776 938 ut
791 888 862 939 cum
878 869 996 954 ubsque
1010 873 1105 942 dubio
1120 875 1270 944 honestus

145 967 263 1050 sitqui
290 985 498 1043 accusarem
526 969 614 1048 uelit,
643 971 805 1040 honestate
836 975 941 1046 tormen
966 975 1089 1060 integro
1111 978 1215 1062 oloqui
1237 984 1270 1046 et

126 1089 367 1143 recenseremus
391 1071 498 1155 possit
528 1073 592 1142 elis
614 1093 734 1159 quoque
750 1076 856 1154 omnic
869 1079 1096 1162 molsregeotes
1112 1081 1270 1164 colluunt„

143 1193 204 1240 uon
226 1175 370 1248 uidentes
390 1176 443 1242 uel
464 1177 636 1258 audientes,
660 1177 815 1262 siquidem
836 1181 896 1249 sisi
920 1181 1138 1264 blasphemum
1160 1203 1270 1268 quem·

141 1280 228 1364 piem
257 1279 375 1364 ordios,
410 1279 572 1365 socribgio
600 1299 662 1348 nou
689 1281 849 1365 pollueris.
882 1287 956 1367 quic
983 1289 1089 1355 mentre
1113 1288 1268 1368 dissentis,

144 1385 175 1448 et
194 1381 223 1460 si
245 1381 437 1450 interuenire
458 1383 636 1460 latrocinio,
658 1405 720 1458 ucri
736 1387 909 1470 inquireris
927 1392 1012 1468 cetu,
1035 1392 1109 1473 quio
1123 1392 1269 1462 abhorreo

142 1487 257 1554 enimc.
300 1487 384 1557 soloe
418 1489 666 1571 speotuculorum
700 1492 900 1572 impuritates
932 1493 1023 1578 suut,
1059 1512 1137 1577 quoe
1170 1498 1321 1564 unum19

112 1595 309 1664 ocdmoclum
336 1592 455 1662 socient
482 1593 516 1660 et
544 1595 704 1676 egentium
733 1598 767 1660 st
786 1595 1008 1678 aspicientium
1030 1599 1157 1667 crimen.
1195 1619 1270 1666 nom

142 1701 218 1768 dum
245 1699 419 1783 spectantes
447 1695 525 1766 boec
552 1699 756 1779 comprobent
784 1716 820 1766 ec
847 1699 982 1769 liberter
1009 1701 1131 1781 uident,
1161 1721 1270 1772 omues

143 1825 179 1876 es
210 1805 281 1876 uisu
314 1806 409 1889 etque
438 1806 573 1873 cdseusu
605 1803 713 1889 Quot.
750 1805 787 1870 ut
814 1821 887 1870 uero
914 1805 948 1870 iu
979 1821 1030 1872 sos
1059 1806 1268 1888 apostolicum

143 1911 223 1978 illud
243 1909 443 1995 peculiariter
464 1909 567 1987 mort,
591 1909 665 1991 quic
686 1906 772 1992 digni
795 1909 870 1974 suut
892 1910 992 1979 morte
1009 1925 1072 1976 uon
1087 1909 1189 1978 solum
1211 1909 1267 1992 qui

143 2016 262 2085 ficiunt
284 2033 322 2080 oc
351 2013 404 2080 sed
432 2013 529 2081 obem
558 2014 611 2096 qui
634 2012 837 2080 consentiunt
866 2011 1067 2081 ferientibus.
1104 2013 1212 2097 itaque
1233 2013 1267 2084 iu

114 2120 204 2210 qius
238 2117 432 2200 imaginibus
465 2116 708 2184 toruicsticuum
744 2116 845 2180 omnis
878 2117 1003 2182 omniuo
1039 2115 1127 2199 plebs
1162 2117 1267 2184 enimc

145 2222 324 2316 fornicetur,
358 2223 391 2286 et
423 2221 476 2304 qui
509 2220 590 2286 forte
623 2219 664 2286 eol
695 2219 909 2302 spectaculum
942 2220 1013 2302 uuri
1045 2221 1198 2289 uenerunt
1230 2220 1268 2289 de

144 2329 263 2394 theatro
298 2324 433 2394 adulteri
465 2323 674 2388 reuertuntur.
718 2341 778 2388 uon
811 2323 896 2389 euim
929 2325 1004 2390 tunc
1037 2323 1268 2402 tantummodo,

145 2432 264 2514 quondo
286 2429 416 2497 redeunt
438 2427 492 2494 sed
514 2426 621 2508 etiem,
644 2425 766 2509 quoodo
789 2426 929 2504 ueniunt,
952 2425 1162 2507 fornicentu13
1194 2443 1269 2492 uem

145 2535 200 2602 hoc
220 2535 289 2616 ipso
309 2534 394 2615 quod
415 2529 528 2613 aliquis
551 2547 617 2594 rem
640 2531 804 2594 obscenum
826 2528 922 2610 cupit,
946 2528 1020 2596 dum
1042 2528 1083 2594 od
1105 2527 1270 2596 immundo

113 2639 297 2722 ropropsrot,
319 2633 501 2702 immundus
525 2634 581 2700 est.

184 2759 240 2824 IV.
274 2758 359 2838 Ques
382 2773 454 2822 cum
476 2754 523 2820 ite
550 2753 629 2834 sint,
659 2770 730 2818 ecce
758 2752 865 2835 qualis
888 2754 944 2819 out
966 2770 1074 2818 omnes
1097 2753 1153 2818 aut
1174 2750 1324 2836 pareneio

145 2881 248 2928 omnes
271 2860 406 2928 Romani
428 2860 537 2944 egunt.
569 2859 603 2922 et
623 2875 696 2922 cum
717 2857 795 2922 hese
817 2854 949 2938 itesint,
972 2856 1026 2939 qui
1053 2856 1131 2922 tolio
1145 2857 1270 2939 egimrm

145 2965 267 3050 neglegi
301 2981 357 3030 uos
386 2983 405 3030 c
431 2961 598 3027 diuinitate
631 2977 808 3038 causemur,
841 2958 978 3042 relinqui
1010 2978 1067 3026 uos
1096 2978 1115 3024 c
1144 2959 1270 3026 domino

143 3074 248 3136 nostro
281 3069 430 3150 dicimus,
465 3083 536 3130 oum
568 3063 630 3147 ipsi
662 3063 824 3130 domiuum
856 3062 1078 3145 relinquemus.
1114 3062 1271 3146 fingemus

109 3174 238 3252 oronim,
272 3171 354 3254 quod
386 3169 538 3253 respicere
570 3185 625 3234 nes
658 3167 802 3232 domiuus
836 3170 942 3231 noster
970 3166 1050 3232 uelit
1076 3164 1173 3230 etium
1208 3183 1270 3230 nou

142 3277 316 3341 merentes:
343 3273 504 3338 uideamus
532 3271 559 3336 si
586 3272 700 3355 potest.
735 3288 806 3334 ecce
835 3268 1000 3334 innumero
1020 3267 1279 3351 Cheruscorum*

141 3379 234 3444 milia
254 3381 286 3444 in
308 3377 492 3462 spectaculis
516 3375 629 3440 cotidie
651 3391 756 3439 rerum
778 3371 921 3454 turpium
944 3374 1186 3438 commorentur.
1216 3391 1271 3455 po-

141 3488 211 3548 test
237 3501 309 3566 ergo
340 3485 377 3548 cd
407 3481 477 3546 illos
507 3481 583 3545 deus
607 3480 767 3561 respicere,
798 3477 852 3560 qui
874 3475 954 3542 teies
976 3477 1073 3542 suut?
1107 3477 1272 3559 potestati

246 3656 279 3708 12
304 3653 380 3706 Rom.
403 3651 479 3718 quc

197 3810 210 3862 l
230 3812 294 3863 sunt
311 3808 482 3878 impuritates
501 3807 529 3861 B
624 3806 640 3860 2
659 3806 688 3860 in
705 3821 757 3874 quo
775 3803 911 3876 arguendo
929 3804 988 3872 (stc)
1006 3804 1034 3856 A
1129 3801 1272 3868 Aiutcgrc

138 3895 232 3964 eloqui
251 3895 320 3960 (cell.
338 3895 479 3966 moerim
497 3893 585 3962 oloqui
603 3893 677 3947 seluo
695 3891 804 3962 pudore)
827 3890 971 3946 Halmium:
998 3889 1105 3959 integre
1123 3889 1156 3958 (s.
1173 3902 1223 3944 scr.
1241 3887 1274 3940 icc

98 4007 100 4010 ·
138 3985 191 4049 fiee
213 3985 239 4048 e)
257 3981 350 4052 eloqui
368 3981 427 4049 (ott.
445 3981 456 4036 l
473 3995 494 4036 o.
512 3985 577 4046 eor.)
595 3979 624 4034 A
649 3979 757 4048 integra
773 3993 805 4030 ee
822 3977 897 4046 loqui
915 3975 943 4030 B
962 3977 997 4044 (et
1013 3975 1102 4042 Τέως
1129 3975 1162 4028 in
1179 3974 1273 4030 orobo-

137 4093 210 4156 typo
226 4085 313 4151 foisse
328 4083 443 4138 uidmor
465 4073 647 4153 iutegr'eloqui
664 4081 740 4138 occe
757 4081 843 4138 oeta
859 4081 932 4136 sotto
948 4081 1082 4151 orum
1099 4080 1203 4134 dooere

137 4169 479 4226 sacrificemus
581 4167 1203 4240 iquiumoutesoqocrcoltocr.m.20A

137 4255 304 4313 sationes
322 4271 357 4312 cce
375 4256 427 4312 -cis
444 4257 472 4310 A
490 4272 561 4313 corr.
580 4258 648 4312 m
743 4253 778 4310 10
795 4253 899 4310 fuciunt
915 4254 944 4308 Β
1041 4251 1075 4306 12
1092 4249 1158 4305 uisi·
1175 4250 1203 4304 A
1235 4309 1238 4318 .

136 4345 257 4400 nocem
275 4359 359 4414 espec
376 4343 393 4398 d
409 4359 462 4399 scr.
480 4360 514 4398 m.
532 4345 553 4398 2
571 4359 584 4395 s
601 4345 629 4396 A
734 4342 765 4396 15
788 4339 953 4408 imaginibus
976 4353 1011 4394 eo
1027 4336 1138 4407 iuimeg.
1158 4337 1186 4390 A
1203 4353 1273 4392 cerr.

136 4433 218 4488 m.2
322 4431 355 4485 16
372 4432 446 4500 puri·
465 4431 492 4484 A
595 4429 629 4483 28
647 4445 710 4498 ergo
727 4428 789 4482 illos
806 4429 834 4482 B
852 4443 904 4482 om.
922 4425 956 4480 ad

191 4534 275 4589 VIII.
1153 4530 1170 4583 9
