3134 5098
132 487 134 491 ,
223 447 244 512 2
457 440 614 496 Saluiani
631 440 670 495 de
687 439 825 508 gubern
843 438 905 494 diei.
928 437 1116 492 Praefatio.

224 637 314 699 modo
338 611 382 698 ea¹
395 649 608 715 quaecumque
631 629 769 696 dicerent
801 601 855 694 aut
877 632 1000 712 compto
1025 633 1056 694 et
1078 628 1193 694 blando
1216 627 1351 693 carmine

82 819 89 826 .
193 737 372 804 2canerent
405 738 460 800 aut
494 733 655 800 luculenta
688 734 824 798 oratioue
858 734 1029 798 narrarent.
1068 748 1174 798 omnes
1205 731 1289 795 enim
1318 733 1351 794 in

222 839 347 924 scriptis
380 840 446 903 suis
481 855 587 904 causas
620 838 745 902 tantum
780 836 910 921 egerunt
938 854 1011 901 suas
1033 839 1065 901 et
1087 833 1220 918 propriis
1249 833 1350 918 magis

197 995 198 1000 1
222 942 365 1008 laudibus
395 960 489 1025 quam
519 943 651 1007 aliorum
674 939 869 1005 utilitatibus
893 939 1087 1005 consulentes
1110 956 1173 1004 non
1194 937 1228 1002 id
1250 937 1350 1003 facere

222 1047 323 1112 adnisi
356 1049 446 1124 sunt,
481 1045 517 1110 ut
549 1043 688 1109 salubres
716 1060 754 1107 ac
785 1041 943 1108 salutiferi
975 1043 1029 1131 sed
1052 1043 1089 1107 ut
1110 1039 1292 1106 scholastici
1314 1057 1386 1106 aes

139 1187 142 1192 ·
221 1149 332 1216 diserti
366 1149 566 1215 haberentur.
601 1148 707 1230 itaque
741 1146 859 1236 scripta
891 1165 997 1212 eorum
1026 1148 1080 1210 aut
1110 1145 1251 1210 uanitate
1274 1144 1348 1209 suot

220 1253 342 1319 tumida
371 1256 426 1318 aut
456 1251 596 1318 falsitate
627 1250 757 1316 infamia
787 1253 843 1316 aut
865 1250 1032 1316 uerborum
1054 1248 1260 1314 foeditatibus
1282 1266 1349 1312 sor-

221 1359 293 1423 dida
315 1356 371 1422 aut
392 1375 497 1422 rerum
519 1355 713 1421 obscenitate
735 1354 860 1436 uitiosa,
892 1355 928 1420 ut
950 1371 1032 1432 uera,
1062 1371 1134 1417 oum
1155 1350 1349 1446 ingeniorum

220 1460 345 1526 tantum
367 1462 498 1528 laudem·
516 1459 709 1543 aucupantes
732 1463 800 1526 tam
823 1458 960 1544 indignis
982 1458 1075 1523 rebus
1098 1475 1206 1522 curam
1228 1457 1348 1540 impen-

219 1566 336 1640 derent,
361 1582 423 1630 non
446 1565 514 1630 tam
535 1562 722 1628 inlustrasse
744 1561 825 1628 mihi
846 1561 916 1646 ipsa
937 1562 1063 1646 ingenia
1078 1581 1171 1646 quam
1186 1561 1349 1627 damnasse
1357 1581 1384 1624 ιο

188 1667 395 1739 3uideantur.
425 1685 480 1733 nos
499 1669 614 1742 autem,
639 1667 692 1749 qui
714 1685 820 1759 rerum
835 1666 937 1752 magis
959 1683 1055 1750 quam
1078 1666 1245 1733 uerborum
1260 1683 1347 1731 ama·

218 1773 300 1836 tores
323 1771 416 1836 utilia
438 1770 544 1854 potius
567 1788 663 1853 quam
685 1769 868 1854 plausibilia
895 1770 1050 1837 sectamur
1072 1788 1173 1853 neque
1195 1769 1230 1835 id
1251 1787 1346 1852 quao-

218 1875 326 1957 rimus‚
351 1877 387 1939 ut
409 1875 441 1939 in
456 1874 546 1941 nobis
561 1875 668 1940 inania
682 1875 876 1941 saeculorum
892 1878 1076 1948 ornamenta
1090 1878 1142 1941 sed
1157 1875 1193 1939 ut
1207 1873 1348 1940 salubria

218 1997 322 2044 rerum
356 1977 568 2043 emolumenta
600 1979 786 2058 laudentur,
821 1980 852 2044 in
884 1977 1263 2062 scriptiunculis'nostris
1285 1993 1348 2042 nou

217 2081 370 2146 lenocinia
400 2100 467 2146 esee
498 2081 643 2146 uolumus
673 2083 727 2146 sed
757 2081 909 2160 remedia,
944 2101 1022 2165 quae
1048 2082 1173 2148 seilicet
1196 2100 1256 2146 non
1279 2085 1383 2146 tamis
1442 2143 1448 2151 ,

219 2186 389 2250 otiosorum
412 2185 539 2251 auribus
561 2185 705 2267 placeant
720 2181 816 2268 buum
830 2188 1028 2270 aegrotorum
1042 2185 1200 2251 mentibus
1215 2183 1346 2267 prosint,

217 2307 366 2373 magnum
390 2308 425 2353 er
447 2292 579 2372 utraque
601 2308 633 2352 re
658 2289 844 2354 caelestibus
874 2289 962 2355 donis
985 2289 1123 2357 fructum
1146 2289 1347 2370 reportaturi.

185 2391 243 2464 4si
265 2392 350 2457 enim
379 2391 455 2460 haec
484 2393 569 2458 salus
600 2392 708 2461 nostra
737 2394 895 2458 sanauerit
926 2393 1117 2476 quorundam
1147 2411 1210 2458 non
1232 2393 1347 2458 bonam

216 2495 254 2560 de
277 2498 332 2561 deo
354 2500 462 2562 nostro
486 2497 673 2580 opinionem,
698 2495 820 2562 fructus
836 2515 898 2562 non
914 2515 1029 2578 paruus
1045 2495 1115 2576 erit,
1139 2498 1221 2580 quod
1235 2496 1345 2561 multis

214 2600 325 2682 profui.
353 2599 400 2662 sin
416 2599 521 2665 autem
539 2600 572 2663 id
587 2617 650 2674 non
664 2599 853 2681 pronosuit,
878 2601 910 2665 et
924 2600 983 2666 hoo
997 2600 1101 2684 ipsum
1116 2598 1382 2666 infructuosumao

215 2702 346 2786 forsitan
375 2720 437 2766 non
468 2703 543 2782 erit,
575 2705 656 2785 quod
686 2703 832 2785 prodesse
854 2704 1019 2786 temptaui.
1057 2723 1144 2770 mens
1167 2703 1251 2778 enim
1272 2703 1344 2768 boni

214 2804 311 2870 studii
334 2823 371 2870 ao
389 2803 433 2888 pii
456 2805 533 2884 uoti,
557 2803 681 2871 etiamsi
696 2806 921 2880 effectumnon
935 2807 1091 2874 inuenerit
1107 2809 1210 2889 coepti
1232 2807 1342 2893 operis,

213 2908 307 2975 habet
329 2912 435 2974 tamen
458 2910 632 2991 praemium
655 2909 838 2976 uoluntatis.
876 2911 951 2977 bino
973 2929 1046 2994 ergo
1069 2910 1180 2978 ordiar.

265 3147 278 3201 1
299 3149 326 3202 et
338 3147 488 3204 Ptttocao:
507 3151 556 3202 aut
574 3149 601 3202 Β
693 3150 710 3204 5
727 3151 843 3204 salubris
861 3150 889 3204 Β
969 3151 1013 3214 ;10
1024 3149 1092 3204 mihi
1104 3150 1131 3204 Β
1143 3167 1164 3207 s.
1177 3151 1196 3205 l.
1208 3154 1275 3207 m.2

211 3232 318 3301 ingenio
342 3234 369 3288 Β
392 3250 414 3290 o.
433 3250 485 3290 scr.
503 3251 520 3289 a
537 3239 606 3291 m.1
710 3237 743 3290 14
766 3236 913 3291 laudantur
937 3237 964 3290 Β
984 3253 1005 3290 o.
1025 3253 1041 3291 a
1059 3237 1165 3291 mediae
1183 3237 1242 3308 opti.
1260 3233 1310 3292 scr'.
1329 3253 1343 3291 e

210 3334 244 3372 m.
264 3321 284 3373 2
387 3321 421 3376 18
444 3322 489 3376 hic
512 3322 540 3376 B
644 3323 679 3377 20
702 3325 753 3392 sin]
778 3324 842 3378 biae
858 3324 958 3392 taoiptt
975 3324 1010 3390 A,
1028 3324 1076 3378 sect
1094 3323 1150 3378 duo
1163 3325 1258 3393 primu
1274 3325 1343 3392 folio

210 3405 338 3462 malaca
356 3413 423 3463 sant
440 3409 581 3478 multaque
597 3410 711 3478 iusuper
729 3410 761 3464 too
780 3410 880 3465 euclem
898 3416 925 3464 et
941 3411 973 3465 ta
990 3409 1067 3476 foliis
1080 3415 1105 3465 4.
1120 3415 1145 3467 5.
1157 3415 1182 3466 6.
1200 3416 1225 3466 8.
1242 3416 1260 3466 9
1278 3412 1342 3466 altio

210 3497 260 3546 cot
278 3500 456 3549 eaaaacmoet
473 3501 523 3549 aut
540 3494 593 3566 lapi
609 3510 668 3550 otoo
684 3497 740 3550 tom
754 3502 885 3565 possead,-
903 3512 974 3566 qaue
991 3498 1085 3553 omnio
1102 3499 1239 3554 acesco
1250 3499 1341 3569 etuas

209 3579 301 3634 aomar
403 3581 435 3635 21
455 3579 571 3635 forsitan
590 3581 734 3637 Halmius:
761 3583 858 3638 sortita
874 3583 903 3638 A
928 3584 1024 3638 saltem
1041 3584 1069 3638 B
1173 3583 1340 3654 produmens

209 3666 237 3718 A
340 3666 374 3720 22
393 3669 507 3737 oper-isa*
524 3668 673 3737 praemium
690 3670 717 3723 A
821 3669 856 3723 23
873 3669 993 3724 exordiar
1009 3671 1052 3740 B;
1076 3677 1141 3739 poet
1158 3670 1248 3726 ordiar
1265 3671 1297 3726 ta
1315 3671 1341 3724 A

208 3751 274 3807 boec
291 3757 332 3806 eet
348 3753 509 3823 taoootpta'o:
532 3769 568 3807 ou
585 3768 666 3808 rusro
685 3769 734 3809 our
752 3771 815 3809 unu
827 3755 895 3822 (fait
906 3757 1051 3826 praesenti)
1068 3756 1176 3812 iudicio.
1202 3757 1340 3826 Incipiunt

209 3837 311 3908 dialogi
323 3839 499 3909 disputantis,
518 3856 589 3910 qaae
600 3841 661 3896 eote
673 3841 755 3896 dubio
767 3843 806 3896 ool
816 3843 916 3897 labrum
929 3843 953 3897 I.
968 3849 1096 3912 spectaco
1104 3845 1213 3912 pariter
1224 3845 1340 3900 libratae

209 3923 322 3983 debetco
338 3943 372 3983 co
389 3927 434 3983 ab.
454 3927 495 3981 ΙΙ
511 3933 526 3982 1
545 3928 593 3994 lta.
612 3929 702 3985 altero
718 3929 878 3997 smmpto:
905 3945 942 3984 na
959 3946 1180 3988 supernarratas
1196 3946 1246 3986 nur
