3172 5098
274 486 337 554 298
625 517 628 522 -
761 479 917 540 Saluiaui

222 675 262 742 87
273 677 306 742 te
327 694 389 742 non
411 675 513 758 potest
531 674 721 756 impetrare?
743 676 775 738 et
790 670 951 754 quomode,
975 669 1117 754 quisquis
1133 687 1165 736 es
1181 686 1198 732 c
1215 666 1400 743 miserrime,

273 777 427 862 quomodo
450 779 481 844 te
502 777 609 858 postea
642 774 870 856 supplicantem
900 773 955 844 iile
985 772 1018 840 iu
1053 771 1165 840 iudicio
1197 789 1252 836 suc
1285 767 1400 846 audiet,

273 899 344 946 cum
367 884 402 944 tn
424 879 475 948 hic
497 897 568 945 eum
591 898 645 960 pro
667 879 699 944 te
722 881 886 961 rogantem
915 877 1022 944 andus
1051 876 1118 958 ipse
1147 874 1309 944 nolueris?
1345 873 1400 938 sed

272 984 421 1064 uidelicet
444 1002 536 1052 causa
558 983 686 1066 grandis
710 987 766 1061 cst,
790 1001 851 1064 qua
873 983 965 1049 deum
988 980 1096 1050 andus
1118 999 1180 1046 ncn
1201 979 1310 1061 possis.
1338 977 1401 1042 cir·

274 1090 433 1154 eumstant
461 1089 545 1154 enim
568 1091 600 1152 te
624 1089 837 1168 aegrotantem
868 1084 994 1168 cognati
1017 1086 1112 1167 atque
1133 1081 1242 1166 agnati
1264 1079 1313 1145 tui
1337 1079 1399 1144 cir·
1423 1099 1437 1142 ⁵

272 1192 429 1258 cumstant
452 1189 624 1272 locupletes
647 1190 764 1256 matres
788 1187 937 1264 familiae,
962 1187 1170 1252 circumstant
1192 1183 1315 1250 nobiles
1339 1183 1400 1248 uiri

272 1292 394 1360 obsidet
417 1292 534 1364 lectum
556 1290 749 1364 infirmitatis
772 1295 845 1358 tuae
868 1290 975 1358 sericis
998 1293 1092 1372 atque
1115 1287 1234 1352 auratis
1257 1284 1400 1350 uestibus

273 1395 459 1464 circumfusa
491 1397 709 1480 numerositas.
746 1413 764 1458 c
794 1398 928 1477 quantus
961 1394 1083 1459 fructus
1117 1391 1316 1458 aeternitatis
1351 1389 1401 1454 est

272 1498 391 1566 talibus
414 1497 496 1565 bona
517 1499 642 1581 propria
664 1515 790 1580 erogare
812 1495 983 1564 mendicis!
1021 1495 1116 1577 digna
1138 1493 1285 1561 uidelicet
1306 1509 1402 1558 causa

273 1607 304 1668 et
327 1605 405 1668 eatis
438 1604 521 1668 iusta
553 1606 609 1681 est,
646 1607 682 1669 ut
704 1606 740 1668 tu
762 1603 884 1670 animae
915 1605 989 1666 tuae
1022 1599 1145 1666 auferas
1179 1599 1261 1680 quod
1293 1596 1438 1680 agoniam

220 1705 262 1772 88
272 1705 390 1771 talibus
422 1706 627 1788 derelinquas.
665 1707 719 1772 sed
752 1705 903 1772 nimirum
935 1703 1149 1769 misericordia
1181 1701 1336 1784 frangeris
1369 1702 1402 1766 et

239 1843 242 1848 Δ
270 1803 515 1878 lamentantium
538 1811 783 1894 propinquorum
806 1808 920 1890 pietate
942 1807 1107 1892 supereris.
1138 1808 1187 1870 est
1210 1806 1294 1870 certa
1309 1803 1400 1870 ratic.

270 1915 358 1981 uides
389 1915 502 1999 quippe
531 1913 760 1996 opulentissimi
789 1931 824 1979 ac
852 1909 1231 1996 splendidissimicultus
1259 1908 1400 1976 homines

274 2017 354 2102 [tibi]
380 2019 500 2094 flentes,
532 2017 617 2085 tristi
648 2018 740 2083 uultu
763 2017 794 2083 et
816 2015 895 2084 festo
918 2015 1030 2085 habitu
1052 2013 1228 2098 conpositas
1251 2013 1290 2077 ad
1314 2030 1401 2078 mae·

271 2120 455 2188 stitndinem
490 2120 584 2188 facies
617 2121 676 2187 tibi
710 2121 911 2196 ostentantes,
945 2138 999 2200 per
1031 2116 1254 2200 imaginariam
1282 2116 1437 2182 sollici-ra

271 2224 414 2290 tudinem
437 2243 527 2291 suam
550 2228 688 2291 ementes
711 2223 918 2288 hereditatem
941 2226 1040 2290 tuam.
1077 2239 1170 2302 quem
1192 2237 1253 2284 non
1275 2220 1401 2285 moueat

270 2326 361 2392 tanta
393 2327 515 2407 pietas?
548 2345 639 2409 quem
669 2344 731 2393 non
761 2326 888 2392 moueat
918 2324 992 2406 talis
1017 2323 1125 2390 dolor?
1159 2326 1213 2390 aut
1236 2325 1399 2405 quomedo,

271 2447 342 2496 cnm
371 2429 447 2497 haec
477 2430 554 2496 talia
575 2430 693 2512 uideas,
722 2446 783 2496 nen
806 2427 1003 2506 obliuiscaris
1028 2427 1099 2492 tui?
1132 2424 1219 2508 uides
1242 2424 1326 2490 enim
1350 2443 1401 2488 ex-

260 2534 369 2601 tortas
397 2533 543 2608 lacrimas
561 2532 721 2602 ,simulata
749 2531 884 2615 suspiria
911 2529 1018 2598 fictam
1046 2529 1238 2610 anxietatem
1260 2543 1322 2594 non
1346 2543 1401 2611 op-

270 2639 393 2708 tantem
410 2636 450 2699 ut.
462 2635 669 2711 conualesoas,
692 2635 747 2702 sed
763 2635 976 2720 expectantem
993 2621 1114 2722 quando
1130 2631 1288 2698 moriaris:
1312 2631 1401 2696 nidos
1412 2659 1439 2700 ω

270 2737 385 2803 defixos
407 2719 442 2802 in
463 2739 495 2801 te
519 2736 609 2820 quasi
640 2738 824 2820 accusantes
854 2737 902 2802 tui
925 2735 1029 2821 obitus
1052 2719 1237 2804 tarditatem
1260 2734 1402 2800 omnium

218 2838 389 2912 89uultus.
421 2859 438 2905 c
461 2840 617 2932 infelicem
632 2844 663 2904 te
679 2858 715 2904 aa
731 2840 950 2920 miserrimum,
975 2841 1063 2905 cuius
1079 2857 1260 2922 supremum
1283 2839 1401 2904 exitum

270 2947 378 3015 tantus
414 2944 571 3024 desiderat
603 2961 751 3011 numerus
785 2942 1046 3026 propinquorum!
1082 2941 1142 3006 nisi
1170 2943 1251 3027 quod
1278 2943 1343 3006 scio
1366 2957 1402 3004 ac

269 3049 348 3117 saca
376 3049 479 3126 camus
508 3065 579 3116 sum
607 3045 687 3112 nihil
710 3048 939 3127 omnincapud
963 3046 1055 3110 deum
1079 3048 1154 3110 uota
1176 3044 1290 3111 talium
1312 3063 1402 3128 prae·

269 3153 382 3229 ualere.
419 3169 492 3217 uam
525 3150 634 3221 mirari
666 3168 789 3234 possem
820 3139 906 3214 forte
927 3149 1008 3234 quod
1040 3149 1170 3224 cinerea,
1205 3165 1297 3234 quem
1321 3147 1436 3214 moria

270 3256 337 3321 iam
365 3253 460 3321 multi
488 3253 597 3342 uelint.
638 3258 671 3321 et
698 3257 825 3339 propter
853 3253 918 3334 hoa,
933 3321 935 3328 .
949 3251 1089 3335 quisquis
1117 3252 1172 3324 ille
1201 3270 1244 3331 es,
1273 3254 1401 3343 propter

269 3356 325 3424 hos
358 3355 438 3421 tales
472 3357 611 3442 animam
644 3355 732 3424 tuam
761 3355 878 3433 deseris
907 3359 948 3432 et,
968 3359 1090 3444 credere
1119 3358 1151 3419 te
1174 3355 1329 3434 iudicium
1352 3354 1401 3419 dei

271 3457 358 3538 dicis,
382 3477 453 3523 cum
477 3459 515 3523 ad
538 3460 595 3524 hcc
608 3445 683 3522 'eius
706 3459 792 3522 iussa
814 3457 975 3539 despiciam
1000 3463 1036 3522 nt
1057 3457 1283 3540 patrimonium
1308 3463 1400 3522 tuum

218 3547 386 3628 sotericus
417 3563 637 3645 derelinquas?
671 3561 879 3644 dispersit,
910 3563 1013 3646 inquit
1042 3561 1195 3644 propheta
1217 3562 1255 3628 de
1277 3580 1324 3645 eo,
1347 3560 1400 3645 qni

372 3748 610 3864 sensatione
658 3840 660 3848 Ι

322 3972 453 4042 tsyricie
468 3988 489 4026 a.
508 3987 595 4040 yser.
613 3987 626 4026 e
645 3975 717 4034 m.‚2
734 3973 789 4026 AB
828 4027 831 4032 ,
894 3972 927 4026 10
950 3973 1105 4040 negenisA
1209 3973 1242 4026 14
1259 3973 1314 4028 tibi
1332 3988 1398 4028 eras.

268 4059 301 4116 ta
316 4059 349 4130 A¹
362 4057 411 4114 aed
423 4073 480 4114 aon
487 4073 605 4126 prorsas
618 4059 748 4123 oceania
764 4059 911 4129 repostam
928 4075 961 4113 ec
978 4074 1031 4128 seq.
1045 4070 1128 4114 aerea
1144 4065 1212 4128 pate
1308 4059 1339 4119 21
1359 4074 1399 4114 ac·

269 4147 408 4202 eumentes
431 4161 502 4204 erae.
522 4160 534 4198 s
557 4145 585 4198 A
611 4149 765 4208 accusantes
783 4160 821 4202 ec.
837 4145 887 4198 ·tie
905 4160 973 4201 corr.
992 4162 1025 4200 aa.
1044 4149 1064 4198 2
1082 4145 1109 4203 B
1213 4145 1246 4203 22
1273 4145 1399 4200 infilicem

269 4231 296 4284 A
395 4223 525 4286 exitns'A
547 4227 632 4300 (quod
648 4229 854 4308 Halmiuaaoa
875 4231 952 4298 uda.)
979 4231 1080 4288 exitum
1105 4247 1140 4290 ec
1163 4233 1222 4288 ·tns
1240 4246 1311 4289 corr.
1329 4231 1400 4286 aad

269 4317 297 4371 B
393 4317 550 4370 audiuere
568 4331 603 4370 ec
621 4314 671 4370 -ris
689 4331 759 4371 corr.
778 4303 810 4373 nl.
831 4317 923 4373 2AB
1021 4316 1334 4378 tacendumne
1351 4316 1398 4370 alt.

270 4402 298 4455 A
401 4401 435 4455 28
452 4399 577 4472 dispicias
595 4401 650 4460 AB
753 4400 786 4456 29
805 4399 899 4474 inquid
917 4403 945 4457 Β
