3132 5096
527 447 564 513 de
581 458 715 528 gubern.
734 459 787 512 dei
805 457 843 511 vl
864 461 879 522 i
897 457 973 512 3-8.
1252 459 1315 526 125

184 653 281 729 erant,
312 669 382 716 enee
404 649 438 716 in
466 648 541 732 quid
568 650 689 718 sedasti
710 667 827 727 sumus,
856 648 893 714 ut
914 647 1040 715 beatem
1064 649 1128 714 lere
1150 648 1312 716 ecelesiam

182 753 368 833 iudicemus,
397 756 429 820 si
456 754 509 819 uel
535 753 661 820 tantum
688 752 721 818 in
751 769 783 817 se
805 752 880 818 beni
899 749 1015 820 habstt
1049 754 1201 834 quantum
1226 749 1311 816 meli.

183 876 256 922 uam
290 858 443 941 quemodo
477 875 539 922 non
571 856 697 922 bestam
731 856 961 933 arbitraremur,
996 855 1024 919 si
1053 855 1190 920 mediam
1212 855 1316 939 plebis

183 963 305 1043 partem
327 960 456 1028 haberet
477 961 646 1038 innoxiam,
672 977 767 1043 quam
789 977 895 1042 paene,
908 961 1008 1024 tetam
1030 977 1113 1026 nune
1136 977 1201 1026 esse
1223 959 1337 1040 plan.

162 1064 288 1148 sgimus
311 1062 534 1130 criminosam?
565 1063 648 1128 unde
670 1061 833 1144 superflue,
858 1078 931 1128 eum
952 1061 1011 1128 hee
1025 1061 1074 1128 itu
1089 1062 1140 1143 sit,
1163 1059 1345 1144 superflue6

184 1167 304 1235 dudum
327 1168 365 1234 de
394 1185 455 1234 uno
484 1165 568 1234 malo
602 1165 699 1232 loeuti
732 1183 850 1248 sumus,
878 1163 1039 1248 ¹superflue
1073 1165 1165 1230 unius
1199 1164 1316 1230 seelera

184 1269 382 1352 defleuimus3
418 1270 473 1334 aut
500 1285 607 1334 omnes
637 1267 723 1334 euim
752 1268 808 1334 aut
836 1283 933 1350 paene
961 1285 1067 1337 omues
1096 1267 1191 1334 flendi
1220 1271 1316 1350 atque

182 1372 314 1456 lugendi
347 1373 430 1438 sunt.
469 1389 541 1438 nam
570 1371 624 1436 aut
657 1369 786 1453 plurimi
818 1369 898 1436 tales
927 1370 1001 1436 sunt
1028 1373 1083 1438 aut
1107 1372 1200 1455 uerte,
1234 1369 1316 1452 qued

183 1494 246 1542 uon
269 1475 373 1542 minus
396 1474 598 1542 criminosum
614 1474 671 1552 est,
695 1474 827 1556 eupiunt
850 1475 928 1539 tales
946 1492 1014 1540 esse
1028 1475 1061 1539 et
1082 1475 1226 1542 laborant
1241 1477 1315 1540 autu

149 1580 340 1648 ramulorum
373 1595 501 1662 eperum
535 1595 597 1642 nun
629 1579 763 1660 impares
798 1577 915 1658 uideri3
951 1579 1152 1660 superbos,
1189 1576 1315 1644 etiamsi

183 1682 308 1748 minora
330 1683 414 1751 mala
436 1681 571 1759 faciunt,
595 1680 670 1763 quia
692 1681 796 1746 minus
818 1680 966 1764 possunt,
996 1699 1058 1747 non
1080 1681 1185 1748 minus
1208 1682 1314 1750 tamen

184 1785 262 1852 mali
283 1788 367 1866 sunt,
395 1785 469 1868 quie
492 1783 594 1850 nolint
623 1783 726 1850 minus
751 1801 828 1859 esse,
851 1783 879 1850 si
902 1783 1031 1868 possint.
1069 1785 1210 1866 denique,
1234 1779 1355 1867 quodi·

184 1907 284 1954 unum
306 1888 455 1971 possunt,
483 1889 536 1952 uel
563 1888 637 1955 nutu
661 1887 743 1954 tales
765 1887 899 1953 suut'sc
921 1887 1084 1968 uoluntate
1106 1905 1167 1954 nen
1190 1887 1313 1968 sedunt,

185 1991 273 2058 etin
300 1996 452 2074 quantum
487 1990 621 2059 facultas
655 1991 811 2074 suppetit,
845 2007 993 2072 superare
1026 1990 1228 2056 contendunt.
1266 1991 1316 2058 est

149 2095 271 2160 neuim
292 2095 366 2187 lieet
388 2095 421 2160 in
444 2092 666 2160 dissimillimis
688 2093 780 2159 rebus
801 2092 878 2158 haee
891 2091 1021 2176 illerum
1042 2094 1212 2161 aemulatio
1235 2111 1315 2176 ques

184 2196 349 2277 bonerum,
383 2201 419 2263 ut
447 2199 529 2264 sieut
557 2196 631 2270 beni
664 2196 776 2280 optant
807 2198 932 2262 cunctus
966 2195 1130 2264 honestate
1162 2195 1318 2265 mentium

185 2299 320 2380 uineere,
344 2299 390 2366 sie
413 2299 491 2368 mali
515 2300 646 2382 eupiaut
668 2299 825 2382 prauitste
849 2317 1003 2382 superare.
1039 2317 1111 2366 nam
1135 2301 1217 2367 sieut
1241 2299 1319 2366 haee

186 2403 339 2470 benorum
361 2402 462 2488 gloria
485 2405 531 2468 est
553 2406 589 2468 ut
612 2401 728 2470 cotidie
750 2401 895 2469 meliores
916 2400 991 2478 sint,
1015 2400 1060 2466 sie
1077 2403 1234 2468 malorum
1249 2419 1316 2466 um·

186 2504 277 2572 nium
299 2510 335 2570 ut
363 2507 540 2586 deteriores
577 2510 608 2570 et
638 2505 720 2574 siuut
754 2505 866 2588 optimi
899 2504 1030 2586 eupiunt
1064 2505 1219 2572 uirtutum
1242 2504 1315 2568 uni·

149 2627 350 2676 souersemm
382 2610 507 2676 eulmen
535 2611 708 2691 meantes,
743 2607 789 2676 sie
816 2607 943 2690 pessimi
972 2608 1082 2690 optant
1111 2609 1232 2690 palmas
1255 2606 1317 2672 sibi

187 2715 406 2781 uniuersorum
439 2714 594 2779 scelerum
626 2713 797 2780 uindicare.
834 2716 880 2794 et¹
900 2711 959 2779 hee
993 2712 1101 2796 utique
1135 2714 1166 2778 in
1196 2704 1349 2778 malum8

185 2817 330 2884 nostrum
352 2817 487 2896 maxime
509 2816 619 2896 nostri,
642 2817 699 2882 hou
722 2820 779 2892 est,
809 2798 945 2881 menime
967 2813 1148 2896 Christiani,
1178 2816 1233 2898 qui
1255 2815 1317 2880 sei-

185 2920 273 3000 licet,
306 2921 344 2986 ut
371 2920 433 2989 iam
469 2918 613 3002 diximus
646 2917 806 2986 malitiam
840 2917 1028 3001 sapientiam
1060 2923 1183 3001 putant,
1201 2983 1203 2991 ,
1218 2921 1252 2984 et
1281 2921 1318 2987 tle

185 3023 301 3106 quibus
330 3023 509 3105 specialiter
538 3023 612 3089 deus
641 3022 734 3090 dicit:
769 3023 927 3105 perdam
950 3021 1188 3106 sapientiam
1210 3021 1315 3103 sepi·

147 3125 341 3192 isontium
363 3126 401 3192 et
423 3125 680 3192 intellectum
703 3124 958 3208 prudentium
976 3123 1205 3208 reprobabo.
1229 3143 1317 3189 enm·

185 3248 248 3312 que
272 3230 429 3313 apestolus
451 3231 580 3315 elamet,
604 3229 637 3294 si
660 3229 748 3313 quis
771 3228 937 3294 uidetur
959 3228 1133 3313 sapiens,
1164 3228 1319 3292 stultus

184 3331 264 3397 fiat
297 3332 338 3397 ut
370 3333 424 3398 sit
456 3333 634 3416 sapiens,
667 3333 725 3397 hoe
759 3334 808 3398 est
839 3331 952 3410 disere,
987 3331 1014 3396 si
1044 3332 1114 3416 quis
1148 3332 1217 3397 uult
1253 3350 1318 3396 esse

184 3434 329 3517 sapiens,
359 3433 539 3518 sitiemus,
569 3435 643 3519 quia
664 3453 755 3502 nemo
777 3454 851 3502 uere
875 3435 1000 3518 sapiens
1023 3435 1086 3502 nisi
1108 3454 1181 3502 uere
1203 3435 1319 3504 bonust

184 3555 283 3602 nese
307 3537 430 3604 diuerso
460 3539 615 3604 malarum
647 3539 802 3606 mentium
830 3537 920 3617 uitio,
956 3541 996 3618 et,
1032 3540 1069 3603 ut
1089 3537 1238 3606 diuinitus
1261 3537 1316 3616 ait,

293 3757 437 3816 241001.
458 3760 480 3826 l,
500 3759 532 3815 19
636 3761 669 3816 26
687 3761 701 3816 Ι
720 3761 779 3818 Cer.
799 3763 823 3830 3,
843 3762 886 3839 18*

242 3965 364 4034 lerant]
382 3968 446 4022 sunt
464 3965 491 4020 B
585 3966 813 4024 earnisraremus
831 3966 858 4020 B
954 3965 1087 4024 tiseelere
1105 3967 1132 4020 A
1230 3966 1321 4019 lom·

183 4068 235 4108 nes
252 4067 321 4122 pene
338 4053 386 4108 aut
404 4067 495 4108 omues
514 4053 585 4108 enim
608 4052 688 4108 flendi
712 4053 739 4106 B
844 4051 1047 4108 12vn01uns13
1152 4051 1274 4106 letales
1298 4067 1319 4106 s.

182 4153 240 4196 aer.
258 4141 358 4195 ua2i
377 4139 422 4206 (=
433 4139 509 4203 suut)
525 4140 553 4194 A
565 4139 615 4206 (sie
622 4139 710 4208 paulo
722 4143 787 4194 ursa
798 4142 830 4194 82
853 4137 981 4210 lugendis
995 4143 1022 4194 et
1039 4137 1149 4206 plurimi
1166 4138 1251 4192 taless‘

185 4223 223 4280 14
235 4229 303 4294 post
320 4222 435 4282 fuemus
453 4239 522 4282 eras.
541 4229 559 4278 ii
576 4226 604 4280 A
699 4224 733 4280 17γ
744 4223 897 4292 eupiuntA
992 4222 1320 4292 anpusimieupesstmo

182 4313 215 4367 A
230 4326 302 4366 corr.
315 4312 383 4369 uti
480 4311 514 4365 22
531 4311 646 4366 maxime
663 4315 742 4378 (urite
760 4309 918 4377 Christiani)
937 4324 988 4364 mu.
1005 4309 1033 4366 B
1130 4308 1165 4364 24
1183 4309 1246 4364 deus
1265 4324 1321 4378 spe

182 4397 294 4454 sialiter
311 4397 339 4451 B
443 4396 512 4451 dixit
529 4397 558 4451 B
660 4396 693 4454 29
711 4397 844 4453 malorum
862 4397 890 4450 A
