3134 5098
1253 501 1294 558 11

156 694 356 796 archetypi
390 692 547 793 uestigia
585 705 768 795 presserat
801 693 895 767 alter
920 719 1010 769 uero
1039 693 1292 793 neglegentius

155 816 319 914 scriptus
347 825 426 889 erat
452 825 489 888 et
513 827 705 914 praeterea
731 813 833 888 haud
859 839 943 889 raro
971 840 994 887 a
1020 816 1291 891 correctoribus

158 934 531 1036 interpolatorib'usue
570 935 665 1010 male
697 941 892 1009 'tractatus
934 943 1048 1032 atque
1086 959 1131 1008 ex
1158 936 1294 1034 tpriere

158 1055 264 1130 fluxit
304 1055 405 1131 selus
438 1054 485 1146 A,
526 1081 571 1130 ex
609 1053 813 1155 posteriore
854 1079 942 1129 uero
981 1053 1017 1127 Β
1057 1079 1143 1129 oum
1181 1080 1293 1154 grege

159 1175 447 1274 proletariorum
475 1174 646 1251 eodieum
675 1175 775 1277 (Ttv
801 1173 1040 1276 Italicorum),
1068 1174 1132 1274 qui
1160 1187 1292 1276 utpote

159 1297 278 1396 magis
321 1308 530 1397 temporum
571 1296 730 1372 decursu
771 1295 964 1395 magisque
1006 1294 1217 1395 interpolati
1258 1308 1295 1370 et

159 1416 354 1515 deprauati
380 1417 493 1495 uariis
520 1417 739 1515 gradibusa
767 1417 803 1490 Β
830 1415 977 1512 distant,
1006 1415 1058 1490 its
1084 1427 1124 1490 ut
1142 1416 1182 1492 in
1199 1415 1293 1494 ‚arisi

160 1537 361 1613 factitandae
386 1537 523 1614 nullius
552 1537 728 1624 momenti
756 1537 830 1612 sint
855 1535 1205 1636 paucissimisloeis
1233 1561 1294 1610 ex·
1391 1609 1398 1625 ,

154 1658 288 1757 eeptis,
331 1659 467 1756 quihus
486 1659 593 1732 vforte
621 1657 750 1742 euenit
775 1668 818 1732 ut
850 1682 948 1730 unus
987 1656 1128 1732 alterue
1168 1681 1295 1732 eorum

158 1779 359 1877 genuinam
393 1778 617 1878 seripturam
649 1787 816 1854 seruaret
842 1789 971 1852 eontra
997 1777 1044 1867 B,
1081 1802 1192 1876 quem
1219 1778 1294 1852 fere

156 1899 282 1980 solum
320 1898 459 1978 eodieis
481 1901 522 1972 <A
548 1898 628 1974 uiue
662 1899 768 1997 fungi
795 1909 1091 1974 consentaneum*
1111 1908 1177 1991 est,
1215 1897 1294 1972 ubi-

161 2045 322 2119 cumque
340 2021 468 2096 aut·de
486 2019 612 2095 eodiee
625 2019 661 2094 A
675 2018 728 2094 nil
745 2019 897 2094 omnino
917 2028 1062 2094 uonstat
1079 2028 1143 2092 aut
1160 2018 1294 2094 damna

156 2140 324 2216 eiusdem
363 2139 560 2216 manifesta
599 2139 806 2239 reparanda
846 2165 925 2214 esse
961 2137 1044 2213 luce
1079 2137 1211 2220 elarius
1238 2137 1293 2212 ui·

157 2260 279 2334 detur.

213 2414 338 2507 Quare
364 2441 440 2489 nen
467 2414 589 2514 potuit
605 2439 682 2490 non
700 2411 818 2488 uideri
837 2413 1021 2512 optimum
1040 2411 1191 2486 seclusis
1217 2413 1294 2487 fere

160 2537 299 2634 ubique
325 2534 477 2636 reliquis
501 2535 662 2628 alterius,
690 2546 732 2608 ut
749 2535 807 2634 ite·
820 2533 951 2626 diuam,
980 2531 1140 2608 familiae
1160 2530 1294 2612 codici-

160 2655 229 2730 bus
262 2681 341 2732 rem
374 2656 426 2732 ita
463 2656 665 2753 instituere,
708 2667 750 2730 ut
779 2639 1011 2753 'ubieumque
1045 2653 1091 2728 in·
1110 2665 1293 2754 apparatu

154 2777 287 2854 eritieo
314 2776 451 2853 codicis
478 2776 514 2850 A
541 2777 806 2876 seripturarum
824 2775 961 2856 mentio
988 2800 1065 2848 non
1090 2773 1142 2866 fit,
1173 2784 1294 2848 textus

157 2924 219 2973 eas
255 2897 428 2975 ostendat
460 2896 596 2972 additis
630 2907 781 2972 tantum
812 2895 925 2971 modo
952 2893 1067 2970 solius
1095 2893 1232 2970 eodieis
1260 2896 1296 2970 Β

156 3018 362 3118 seripturis.
404 3019 632 3116 ubicumque
659 3040 749 3094 uere
771 3017 881 3092 unius
908 3015 1106 3098 alteriusue
1132 3013 1294 3113 reliquo·

160 3165 244 3212 rum
286 3137 456 3214 eodieum
496 3139 699 3238 scripturas
733 3135 913 3215 adnotaui
940 3159 1090 3210 oausam
1109 3132 1292 3210 *facillime

160 3285 207 3334 ne
235 3259 354 3336 dicam
378 3259 500 3358 primo
527 3259 649 3336 statim
667 3259 799 3348 obtutu
817 3257 988 3336 inueniet,
999 3255 1070 3354 qui.
1081 3252 1293 3352 diligentius

155 3378 404 3478 ,inquisiuerit
1261 3401 1265 3408 ·

210 3533 328 3608 Multo
349 3533 558 3635 simplicior
585 3545 621 3607 et
648 3531 863 3633 expeditior
882 3555 944 3606 res
973 3530 1116 3605 eratin
1143 3529 1294 3605 edendis

253 3671 255 3679 ¹
438 3701 440 3706 '
575 3671 889 3788 epistolis(
1052 3783 1054 3790 y

212 3825 361 3925 Septem
400 3825 496 3900 enim
530 3817 689 3926 priores
711 3795 897 3925 'epistolae
936 3850 1013 3918 nou
1036 3809 1296 3918 inueniuntur

155 3947 228 4022 vnisi
254 3948 295 4022 in
321 3973 395 4021 uno
422 3945 559 4039 eodiee,
588 3946 691 4021 euius
718 3965 818 4020 nune·
845 3944 962 4019 alterat
988 3939 1169 4047 particula
1197 3951 1296 4014 extat

159 4066 197 4140 in
232 4057 457 4142 bibliotheea
490 4065 670 4141 Bemensi
694 4093 755 4140 =n.·
772 4068 857 4158 219,
894 4065 933 4138 in
960 4063 1098 4138 'codiee
1126 4045 1294 4135 Parisino

160 4212 194 4260 n.
224 4190 322 4262 3791
352 4188 485 4288 (2174)
526 4186 652 4261 altere.
705 4211 749 4260 ex
793 4211 867 4284 quo
912 4184 1041 4259 eodem
1083 4183 1184 4255 fonte
1228 4206 1296 4255 sua

160 4305 283 4383 hausit
314 4308 450 4384 Petrus
476 4307 721 4402 Pithoeus,
755 4305 819 4406 qui
839 4305 988 4406 primus
1009 4328 1077 4377 aas
1107 4302 1147 4376 in
1172 4301 1295 4376 lucem

20 4473 23 4480 ·
161 4429 324 4524 protulit.
367 4442 478 4529 atque
496 4441 581 4527 post
606 4425 949 4534 Halmiumsvqui
963 4423 1116 4524 ¹purtem
1140 4420 1295 4496 alteram
