3178 5100
268 502 331 567 242
755 496 914 552 86161661

267 688 409 754 animum
432 687 577 756 offerendi
599 687 695 764 dedit,
719 690 751 752 et
772 683 844 770 plus
860 685 920 752 sibi
942 685 975 750 in
995 685 1044 751 his
1067 702 1147 766 6666
1171 685 1228 749 166
1250 682 1400 765 relinquit

268 793 422 873 praestari
444 793 597 869 aestimet,
620 808 713 874 quam
735 790 769 854 in
791 789 857 856 illis
875 806 955 871 6666
978 790 1064 871 prins
1088 787 1214 854 habuit:
1238 787 1401 870 quiahoc,

269 896 351 976 qnod
379 895 511 960 habetur
532 893 571 959 ab
600 893 737 976 homine,
766 891 995 973 temporarium
1022 894 1080 970 est,
1110 890 1193 972 quod
1215 891 1323 955 661666
1345 890 1402 956 deo

216 997 257 1063 56
268 997 471 1081 relinquitur,
506 998 743 1080 sempiternum.
782 996 903 1077 totum,
937 994 1041 1076 inquit
1075 993 1203 1077 aliquis,
1239 993 1402 1060 oblaturus

269 1103 340 1166 est?
376 1102 410 1166 61
443 1119 500 1186 ego
531 1101 601 1166 dico
629 1118 696 1166 esse
724 1100 782 1166 hoc
812 1100 916 1164 totum
938 1116 1057 1183 parum.
1095 1098 1172 1180 quid
1195 1095 1302 1162 enim?
1338 1099 1439 1162 inme

267 1205 327 1268 scit
350 1203 464 1287 aliquis
486 1223 528 1269 an
548 1208 751 1285 peccatorum
773 1221 955 1268 mensuram
971 1203 1078 1266 oblata
1101 1203 1315 1282 conpensant?
1336 1201 1402 1265 iam

269 1305 332 1372 scit
355 1306 469 1389 aliquis
491 1327 532 1372 66
554 1308 680 1374 tentum
704 1306 749 1371 sit
773 1305 807 1370 in
830 1305 932 1372 officio
956 1305 1153 1387 placationis,
1179 1305 1331 1387 quantum
1354 1305 1404 1368 est

269 1413 303 1475 in
326 1409 495 1475 offensione
517 1411 733 1478 discriminis?
756 1410 784 1475 si
807 1411 895 1476 nouit
916 1413 1084 1492 quisquam
1105 1407 1271 1474 hominum
1293 1427 1404 1490 peeca-

269 1517 374 1579 torum
411 1515 521 1596 666611
557 1516 710 1580 redimere
747 1513 865 1580 1611616
902 1512 1010 1596 possit,
1048 1515 1158 1578 utatur
1193 1511 1326 1578 66166116
1363 1511 1405 1576 61

269 1603 527 1702 redemptionem.¹
558 1616 586 1682 si
607 1636 682 1684 nero
705 1616 814 1696 nescit,
837 1636 892 1682 cur
908 1635 970 1682 non
984 1616 1112 1684 tantum
1126 1613 1237 1680 offerat
1251 1619 1405 1697 quantum
1414 1635 1440 1674 ro

270 1721 397 1801 potest?
420 1721 467 1800 nt,
492 1721 520 1785 si
542 1739 728 1804 conpensare
743 1723 871 1806 peccata
886 1740 949 1786 non
964 1718 1050 1786 ualet
1065 1719 1161 1800 pretii
1176 1718 1404 1800 magnitudine,

271 1824 379 1889 saltim
414 1825 530 1889 mentis
567 1825 733 1892 deuotione
769 1827 946 1908 conpenset.
995 1822 1171 1906 perfectum
1208 1824 1292 1887 onim
1328 1841 1405 1888 cou-

271 1927 421 1992 scientiee
443 1927 582 1993 fructum
605 1929 729 1994 exhibet
752 1930 806 2011 661
828 1931 914 1994 intra
928 1925 1152 1994 conscientiam
1174 1925 1221 1990 nil
1241 1924 1405 2008 relinquit.

218 2028 350 2095 511616
379 2031 524 2094 nonnulli
552 2032 631 2096 haec
657 2032 775 2115 absque
802 2031 898 2098 dubio
921 2032 954 2097 61
986 2031 1203 2095 inmensurata
1225 2030 1404 2107 causantur,

271 2132 406 2198 maxime
428 2133 503 2216 quia
523 2134 675 2217 propheto
696 2137 734 2216 is,
758 2139 795 2202 de
818 2153 879 2217 quo
896 2134 1038 2212 diximus,
1064 2131 1274 2215 Babylonium
1295 2149 1442 2214 regemne

271 2235 330 2301 hoc
352 2237 477 2301 tantum
509 2237 707 2307 admonuisse
734 2239 891 2317 uideatur,
926 2238 963 2304 nt
984 2237 1087 2302 multa
1108 2235 1248 2309 donaret,
1284 2252 1345 2300 non
1367 2240 1406 2300 ut

271 2338 420 2403 uniuersa
442 2339 637 2404 distraheret.
667 2359 726 2404 uon
750 2340 871 2423 profero
893 2338 1023 2406 interim
1045 2338 1225 2404 testimonio
1247 2339 1406 2423 euangelii

272 2458 330 2504 nec
353 2441 495 2526 confugio
518 2443 557 2506 ad
581 2462 691 2510 nocem
720 2444 877 2527 loquentis
899 2443 965 2508 dei:
995 2461 1055 2508 non
1087 2442 1154 2506 dico
1186 2441 1273 2509 eliud
1299 2445 1405 2507 uetere

271 2543 358 2609 aliud
380 2563 462 2609 noue
482 2545 552 2628 lege
575 2548 786 2630 praeceptum.
817 2547 899 2612 unde
922 2547 1019 2615 etiam
1043 2544 1203 2630 apostolus
1226 2563 1333 2630 ecce,
1356 2545 1405 2608 in-

272 2646 356 2728 quit,
390 2648 527 2713 uetera
561 2650 833 2735 transierunt,
866 2633 975 2718 facta
1006 2653 1098 2714 6661
1131 2648 1260 2713 616616
1289 2664 1445 2726 noua,no

272 2749 400 2815 omnia
433 2751 566 2816 autern
601 2772 644 2818 ex
677 2757 762 2820 deo:
796 2754 909 2836 quibus
939 2752 1046 2836 611666
1076 2752 1173 2842 16661,
1208 2769 1269 2816 666
1297 2752 1406 2816 uetera

272 2854 445 2917 secundum
477 2853 617 2920 litteram
646 2859 807 2922 6616666
839 2857 1011 2923 secundum
1042 2856 1135 2920 deum
1164 2874 1230 2920 esse
1253 2853 1406 2920 16616616.

220 2950 330 3019 581166
353 2957 417 3021 6616
438 2957 568 3022 interim
592 2960 757 3026 contentus
780 2979 862 3039 sum,
894 2963 975 3041 quod
1002 2959 1154 3042 propheta
1177 2957 1265 3024 dixit.
1304 2974 1406 3023 sermo

274 3059 358 3124 enim
381 3059 409 3123 61
432 3079 503 3125 cum
525 3079 598 3144 rege
621 3065 688 3128 crat
711 3061 892 3145 etquidem
915 3081 988 3128 cum
1010 3081 1083 3144 rego
1108 3080 1170 3127 nou
1192 3060 1285 3126 66166
1308 3062 1407 3139 urbis,

273 3165 335 3241 sed,
369 3167 406 3229 61
427 3165 503 3229 1666
524 3165 700 3243 uidebatur,
733 3166 832 3232 totius
861 3166 956 3245 orbis,
990 3167 1177 3249 quietique
1200 3183 1262 3230 666
1284 3169 1446 3248 poteratne

273 3267 401 3348 populos
424 3284 500 3349 quos
522 3269 651 3352 regebat
672 3287 727 3354 per
748 3269 975 3336 testamentum
997 3268 1102 3353 egenis
1119 3268 1240 3333 1161616
1256 3269 1289 3332 61
1304 3269 1408 3333 66116-

377 3470 410 3524 19
433 3469 463 3524 Π
480 3471 538 3526 Cor.
556 3471 583 3537 5,
602 3470 636 3526 11

325 3657 340 3712 1
364 3657 500 3728 relinquid
516 3664 585 3713 m.1
609 3660 637 3716 Β
738 3660 756 3716 2
780 3660 935 3728 praestetis.
962 3660 1070 3714 estimet
1093 3660 1144 3714 661
1168 3661 1210 3713 tto
1233 3661 1358 3714 616111.
1376 3662 1407 3714 16

273 3759 329 3798 ros.
348 3759 406 3800 ooo
430 3747 539 3800 6666166
562 3747 710 3802 mouerit
727 3747 754 3803 A
787 3746 934 3815 precatorio
951 3746 1060 3815 estimet
1084 3746 1112 3800 Β
1214 3746 1233 3799 4
1258 3746 1355 3814 inquid
1377 3751 1410 3800 61

273 3829 359 3898 poeto
375 3835 441 3884 66116
459 3831 487 3884 Β
589 3832 712 3887 56166
729 3832 940 3890 6166666611
963 3831 1019 3886 AB
1123 3831 1141 3884 9
1164 3831 1410 3900 666611116166166

274 3916 397 3982 conferri
420 3915 518 3970 161666
534 3922 560 3980 §.
578 3919 627 3972 59:
652 3919 710 3986 ipso
733 3918 802 3972 66161
825 3918 920 3986 quanti
942 3917 1065 3972 debuerit
1087 3918 1215 3972 redimere
1240 3933 1306 3987 quae
1328 3918 1410 3972 fecit:

274 4005 405 4070 quantum
422 4001 451 4055 A
475 4004 576 4070 quanto
587 4019 621 4060 66
632 4007 764 4072 qnantum
775 4019 847 4060 corr.
860 4008 927 4059 m.2
940 4004 968 4058 Β
991 4005 1095 4074 666616
1106 4004 1322 4065 111116νώ66166
1341 4005 1409 4071 fort.

209 4081 212 4086 ’
274 4087 354 4144 smol.
373 4087 552 4156 inquantum
615 4126 619 4132 -
657 4089 691 4144 10
713 4091 752 4146 sic
770 4095 881 4160 (poam
899 4093 925 4156 6)
943 4106 1112 4160 compensare
1130 4090 1158 4143 Β
1260 4091 1294 4144 11
1312 4093 1410 4159 praetii

274 4174 302 4228 A
407 4175 559 4230 1661166
583 4191 618 4230 66
639 4176 731 4232 saltim
754 4192 823 4233 corr.
847 4179 921 4231 m.2
945 4179 973 4232 A
1077 4177 1108 4230 11
1136 4176 1289 4246 6666666111
1308 4183 1409 4246 punct

271 4261 368 4328 priore
385 4277 401 4314 a
418 4262 446 4314 A
533 4261 566 4316 18
584 4260 770 4317 aliut-aliut
787 4262 815 4316 A
912 4262 944 4316 19
961 4261 1058 4331 inquid
1075 4262 1103 4316 B
1199 4261 1232 4316 21
1251 4263 1409 4316 autemnon

275 4344 303 4398 A
321 4351 348 4399 61
365 4361 387 4399 6.
404 4347 422 4402 1.
440 4346 506 4401 611.
524 4349 598 4403 612
621 4354 665 4402 661
683 4349 750 4416 (noa
767 4350 858 4402 661661
876 4353 961 4404 6166
978 4347 1046 4404 odo.
1064 4347 1173 4402 Halmii
1190 4347 1340 4417 colleperis)

274 4429 931 4500 aestuncpooet.eecs.ocr,m.autn
