3178 5100
287 478 356 546 240·
773 477 929 532 Saluiani

287 667 474 748 praeteritae
497 667 667 748 uoluptatis
686 669 898 749 praesentium
913 669 1120 750 asperitatum
1137 669 1213 736 duna
1228 673 1422 752 conpensant

288 772 321 838 et
354 775 478 836 reatum
512 773 677 856 longarum
711 771 894 841 deliciarum
928 771 1029 838 officio
1062 773 1292 856 patrocinantis
1314 775 1424 846 sotem

287 874 428 940 iniuriae.
467 875 520 940 sed
550 874 670 956 qnando
699 875 778 940 haee
807 880 874 943 tam
908 876 1040 958 grandia
1074 875 1180 960 faciet,
1214 877 1319 945 uicino
1343 879 1418 946 iam

235 980 371 1049 50enitu
394 979 491 1042 etiarn
513 997 532 1042 a
554 978 756 1045 mediocrium
779 978 899 1044 actione
923 977 1099 1046 disclusus?
1123 981 1264 1050 crucibus
1275 982 1417 1064 deuito-ue

287 1081 833 1149 diuersarumaerumnarumreum
855 1080 888 1145 in
911 1100 967 1146 suo
990 1099 1115 1163 corpore
1144 1083 1303 1152 hominem
1325 1087 1452 1156 iudeis

286 1185 359 1250 fidei
382 1186 533 1252 seueritas
557 1185 748 1268 subiugabit
772 1189 808 1250 ut
830 1185 1059 1269 indulgentiam
1078 1186 1199 1262 scilicet
1213 1188 1417 1260 absolutionis
1485 1198 1489 1202 ’
1574 1213 1575 1264 l

286 1291 428 1356 aeternae
451 1288 624 1370 praesent-is
647 1308 762 1372 poenae
785 1289 957 1354 ambitione
980 1295 1145 1358 mereatur.
1177 1295 1231 1358 sed
1254 1291 1417 1375 fatiscente
1506 1323 1509 1328 >
1574 1335 1575 1378 3

285 1395 350 1458 iam
372 1410 499 1474 corporo
521 1391 576 1458 ubi
598 1393 752 1458 exercebit
771 1393 976 1462 districtionis
991 1394 1135 1460 osticium
1146 1415 1250 1462 censor
1269 1396 1418 1464 animus?

286 1496 334 1561 uti
364 1497 447 1560 enim
477 1497 655 1562 seueritatis
684 1496 815 1562 arbitrio
843 1497 936 1565 iudex
965 1515 1027 1562 non
1056 1501 1168 1581 potest,
1185 1500 1322 1580 .quando
1345 1521 1416 1586 reus

234 1608 273 1674 51
286 1603 352 1666 ianr
373 1617 435 1665 non
457 1601 591 1666 sustinet
612 1600 753 1666 iudicari.
788 1620 886 1668 uuum
904 1620 976 1684 engo
993 1607 1049 1678 est,
1076 1603 1155 1684 quod
1177 1604 1300 1670 emissis
1315 1606 1452 1672 omni-1⁰

285 1703 344 1769 'bus
368 1704 557 1770 adiumentis
584 1709 679 1786 atque
708 1704 856 1770 subsidiis
888 1707 1014 1771 nutanti
1036 1725 1073 1772 ao
1093 1707 1245 1784 destituto
1268 1709 1417 1790 opitulari

286 1808 387 1890 queat,
411 1809 448 1872 ut
470 1807 629 1891 confugiat
652 1808 776 1874 scilicet
791 1808 830 1872 ad
846 1808 924 1874 illud
947 1809 1121 1876 beatissimi
1137 1811 1276 1876 Danielis
1291 1829 1417 1879 sacrum

287 1931 321 1976 ac
350 1911 474 1977 salubre
504 1913 697 1978 consiliumri
715 1911 769 1994 qui
792 1913 965 1994 Babylonio
994 1915 1061 1997 regi
1088 1915 1207 1980 mederi
1234 1917 1343 1981 uolens
1365 1916 1417 1980 ul·

247 2043 257 2052 ¹·
286 2016 406 2080 ceribus
429 2015 466 2079 de
488 2015 653 2080 offensione
686 2017 853 2082 contractis
882 2017 1039 2100 malagma
1063 2018 1101 2083 de
1123 2018 1322 2084 miseratione
1346 2037 1417 2083 con·

284 2121 389 2202 posuit
422 2120 542 2184 dicens:
580 2120 738 2202 propter
776 2123 891 2202 qnod,
928 2141 1008 2198 rer,
1047 2124 1261 2188 consilium
1293 2142 1452 2192 menmrs

285 2224 446 2306 placeat
468 2223 562 2301 tibi,
587 2227 623 2288 et
645 2225 946 2306 peccatatnain
962 2225 1252 2292 misericordiis
1268 2227 1417 2292 redime

285 2336 322 2397 et
344 2327 577 2395 iniustitias
600 2331 686 2392 tuas
709 2329 750 2392 in
773 2330 1051 2394 miserationes
1079 2348 1309 2414 pauperum:
1339 2331 1415 2393 for-

284 2440 389 2500 tasse
424 2433 501 2498 erit
534 2433 695 2515 patiens
728 2433 911 2498 dominus
940 2433 1102 2498 delictis
1131 2437 1224 2499 tuis.
1263 2435 1312 2498 ita
1341 2451 1414 2517 ergo

234 2542 275 2605 52
286 2543 317 2607 et
338 2541 399 2603 iste
428 2539 533 2619 faciat,
568 2540 604 2600 ut
632 2536 687 2600 ille
718 2536 806 2600 dixit.
845 2539 956 2601 utatur
978 2536 1206 2615 medicamento
1228 2538 1283 2602 alii
1306 2537 1414 2602 oblato

285 2644 324 2707 ad
347 2661 403 2707 sua
423 2641 565 2721 uulnera,
589 2642 733 2704 uersatur
749 2641 963 2706 contumaciae
978 2640 1206 2706 inoboedientia
1223 2643 1412 2724 exemplum,
1425 2667 1451 2707 no

285 2747 399 2829 cogitet
422 2746 496 2827 quid
519 2746 585 2825 ipse
607 2745 649 2809 sit
670 2763 818 2827 passurus
842 2746 872 2808 in
896 2748 1005 2828 morte,
1038 2764 1108 2810 cum
1132 2746 1241 2810 uideat
1263 2745 1339 2827 qnid
1361 2763 1415 2808 ren

285 2850 432 2931 Assyrius
469 2849 634 2930 pertulerit
669 2849 703 2912 in
739 2849 815 2914 uita.
869 2849 997 2914 euidens
1036 2851 1085 2914 est
1122 2850 1161 2913 de
1195 2849 1342 2932 superbia
1359 2895 1361 2900 ,
1379 2867 1416 2912 ac

284 2952 451 3019 rebellione
480 2953 712 3021 documentum.
751 2953 927 3020 consideret
954 2973 993 3018 an
1022 2952 1100 3034 ipsa,
1129 2955 1155 3020 si
1179 2972 1246 3026 ,nou
1268 2952 1415 3029 audierit,

284 3059 426 3123 mortuus
460 3075 607 3124 euasurus
641 3056 692 3131 eit,
728 3075 800 3120 cum
833 3056 939 3126 uideat
973 3057 1054 3138 qnod
1086 3075 1141 3124 rer
1169 3058 1234 3135 ille,
1267 3057 1323 3137 qui
1353 3055 1425 3122 non'

283 3162 412 3244 audiuit,
442 3180 475 3226 se
503 3163 606 3242 iprum
637 3162 728 3225 uiuus
760 3158 876 3232 amisit.
915 3150 1028 3224 offerat
1048 3180 1120 3244 ergo
1143 3162 1194 3227 uel
1216 3161 1352 3226 moriens
1376 3163 1451 3226 adas

284 3266 476 3332 liberandam
506 3264 543 3331 de
571 3261 760 3346 perennibus
790 3262 896 3344 poenis
927 3264 1064 3338 animam
1096 3283 1195 3345 suam,
1226 3263 1298 3345 quia
1328 3264 1416 3330 aliud

285 3369 347 3434 iam
370 3386 430 3432 non
452 3368 567 3451 potest,
597 3366 706 3431 saltim,
726 3366 940 3435 substantiam
969 3385 1067 3444 suam,
1096 3367 1149 3432 sed
1172 3367 1282 3440 offerat
1308 3371 1417 3436 tamen

242 3509 244 3513 ι
286 3489 357 3536 curn
380 3471 604 3551 conpunctione
627 3488 697 3534 cum
721 3471 871 3548 lacrimis,
895 3470 1213 3546 offerateumdolore
1229 3489 1302 3536 cum
1316 3471 1415 3538 luctu.

222 3573 377 3640 -53aliter
400 3575 513 3656 quippe
536 3575 640 3641 oblata
662 3593 722 3640 non
738 3577 890 3656 iprosunt,
920 3575 1075 3657 quianon
1098 3575 1200 3656 pretio
1222 3575 1416 3650 sederetur

389 3786 611 3852 umam
721 3773 725 3780 “

337 3984 352 4038 2
379 3985 532 4038 diliciarum
559 3984 618 4038 AB,
717 3985 734 4038 3
758 3985 876 4041 incuriae
900 3985 1116 4048 cdrchluca'us:
1206 3985 1242 4048 512
1250 3985 1329 4042 iudex
1352 3985 1415 4040 fidei

284 4073 487 4128 Rittersbasics
587 4071 772 4133 lmareantur
790 4073 830 4134 B⁴
898 4073 933 4135 ,β
948 4073 1128 4132 beatusne
1141 4073 1211 4134 AB:
1230 4074 1415 4131 destrictiouis

284 4159 427 4222 Helinium
455 4163 483 4212 ut
506 4159 540 4224 cf.
565 4158 599 4212 da
621 4158 682 4226 cubi
705 4159 780 4212 Vre
798 4157 896 4215 adcola
911 4159 970 4218 crit.
993 4191 1012 4202 ·‹
1065 4160 1106 4214 111
1133 4159 1262 4220 distituto
1290 4160 1345 4217 AB
1418 4191 1420 4197 ·

284 4245 319 4298 20
345 4244 526 4313 inobydientis
553 4246 582 4301 Α
608 4243 788 4312 inobedientis
814 4245 842 4303 B
951 4245 984 4297 22
997 4246 1116 4314 ‘asyrim
1145 4245 1173 4304 Β,
1201 4291 1213 4322 Ι.
1280 4246 1314 4300 23
1338 4247 1417 4302 decia

285 4333 406 4384 mentum
428 4331 455 4384 B
475 4337 501 4388 ct
514 4337 612 4399 punct
631 4331 641 4382 i
660 4337 686 4386 et
703 4346 724 4386 s.
743 4347 794 4386 scr.
813 4335 886 4392 ms2
904 4347 924 4384 u
943 4332 974 4407 ¹A
1070 4331 1110 4384 -27
1138 4333 1234 4392 saltem
1261 4349 1294 4394 ec
1318 4333 1415 4390 ‚saltim

286 4431 356 4470 corr.
375 4433 409 4472 m.
429 4419 449 4470 2
466 4417 493 4470 A
597 4417 630 4472 29
648 4416 749 4486 praetio
767 4417 794 4469 Α
840 4431 846 4478 g
915 4471 918 4478 ,
948 4473 951 4480 ,
1189 4431 1198 4450 ⁸·
