3134 5098
258 510 278 576 6
600 559 602 566 ,
742 491 901 560 Saluiani

258 695 375 780 tudine,
400 697 494 761 bonos
517 713 636 777 semper
659 695 693 760 in
714 695 802 760 luotu
824 693 924 758 malos
947 711 1069 776 semper
1091 691 1124 758 ir
1146 692 1268 776 gaudio,
1291 694 1386 759 bonos

258 799 292 864 in
321 798 446 865 miseria
474 799 506 864 et
533 796 705 864 abieotione
736 797 835 862 malos
863 797 897 861 in
926 797 1132 880 prosperitate
1162 797 1195 861 et
1220 795 1385 880 dignitate.

229 901 395 985 iprimum
411 902 508 986 igitur
523 901 562 968 ab
577 902 626 980 iis,
650 900 704 984 qui
717 899 776 965 hoo
796 899 844 965 itu
865 917 932 967 esse
954 900 1006 964 uel
1029 898 1135 966 dolent
1156 898 1207 964 uel
1229 901 1386 979 anement,

258 1004 337 1070 illnd
365 1005 501 1088 requiro,
533 1003 571 1070 de
599 1003 717 1070 sanetis
746 1004 822 1083 hoo,
852 1002 886 1068 id
916 1007 964 1068 est
994 1003 1032 1068 de
1063 1002 1147 1068 neris
1177 1020 1212 1068 ao
1240 1001 1385 1069 fidelibus

258 1107 456 1188 Christianis,
481 1127 521 1173 an
543 1108 581 1174 de
604 1107 690 1174 falsis
715 1110 746 1172 ot
768 1107 979 1190 inpostoribus
1002 1107 1136 1173 doleant.
1175 1107 1202 1171 si
1224 1109 1261 1172 de
1285 1105 1384 1185 falsis,
1409 1127 1431 1168 ⁵
1530 1159 1535 1169 .

258 1211 431 1296 superfluus
447 1211 542 1293 dolor,
567 1212 621 1295 qni
636 1212 734 1278 malos
750 1211 855 1276 doleat
877 1229 938 1277 non
952 1211 1061 1278 beatos
1083 1229 1158 1289 esse,
1182 1229 1253 1275 oum
1276 1211 1383 1292 utique

257 1315 443 1398 quicumque
459 1314 536 1380 mali
553 1315 628 1381 sunt
643 1331 788 1381 snooessu
804 1332 906 1379 rerum
922 1314 1088 1380 deteriores
1102 1314 1189 1389 fiant,
1213 1313 1384 1396 madentes

145 1432 149 1442 '
257 1419 318 1486 sibi
340 1419 498 1502 nequitiae
520 1419 660 1485 studium
682 1416 758 1486 bene
781 1421 898 1499 oedere,
922 1423 953 1484 et
975 1420 1045 1485 ideo
1067 1419 1120 1484 uel
1142 1418 1180 1483 ob
1203 1419 1260 1483 hoo
1280 1417 1385 1499 ipsum

256 1523 423 1589 miserrimi
453 1541 520 1590 esse
548 1523 695 1604 debeant,
724 1524 762 1589 ut
792 1522 868 1590 mali
897 1541 961 1588 esse
990 1521 1158 1601 desistant,
1189 1521 1384 1586 uindioontes

256 1625 496 1710 improbissimis
526 1626 703 1709 quaestibus
733 1643 846 1692 nomen
876 1626 1036 1710 religionis
1060 1629 1091 1692 et
1114 1623 1323 1708 praeferentes
1345 1625 1427 1690 adro

256 1729 487 1795 sordidissimas
510 1729 735 1814 negotiationes
751 1729 883 1796 titulum
899 1727 1092 1796 sanctitatis:
1116 1747 1246 1812 quorum
1264 1727 1385 1793 soilioet

256 1832 404 1915 nequitiis
433 1833 460 1896 si
481 1833 624 1898 miseriae
654 1836 888 1916 comparentur,
918 1834 1024 1900 minus
1052 1833 1124 1898 sunt
1153 1831 1259 1899 miseri
1290 1849 1384 1915 quem

255 1936 423 2018 merentur,
441 1936 514 2018 quia
528 1935 562 2000 in
577 1936 767 2020 quibuslibet
782 1937 917 2004 miseriis
933 1936 1098 2004 oonst'tuti
1112 1954 1174 2002 non
1189 1936 1262 2001 sunt
1277 1938 1384 2000 tamon

226 2041 323 2106 fitam
338 2039 444 2105 miseri
460 2057 554 2122 quam
569 2040 644 2104 snnt
658 2039 744 2106 mali.
768 2057 964 2123 nequaqnam
985 2058 1058 2123 ergo
1073 2057 1127 2124 pro
1142 2039 1192 2105 his
1207 2038 1383 2115 dolendum,

256 2143 336 2225 qnod
359 2160 421 2207 non
444 2143 508 2208 sint
524 2141 638 2208 diuites
654 2161 689 2208 aa
705 2143 797 2221 beati,
819 2142 920 2209 multo
942 2146 1046 2216 antem
1067 2162 1122 2227 pro
1138 2142 1254 2208 sannis
1269 2143 1383 2219 minus,
1395 2161 1427 2202 rs

257 2245 329 2329 qnia
346 2244 519 2328 quamlibet
531 2245 700 2311 uideantur
715 2238 934 2331 ignorantibus
950 2265 1016 2312 osse
1031 2245 1149 2323 miseri,
1172 2263 1233 2310 non
1256 2247 1385 2330 possunt

254 2351 370 2414 tamen.
388 2367 455 2414 esse
486 2350 570 2414 alind
593 2368 686 2432 quam
713 2349 806 2416 beati.
853 2336 1044 2434 superfluum
1066 2352 1172 2415 autem
1195 2351 1251 2426 est,
1275 2352 1310 2413 ut
1332 2365 1385 2412 eos

254 2453 410 2536 quispiam
441 2453 492 2516 uel
521 2452 705 2520 infirmitate
735 2455 787 2520 uel
813 2454 996 2536 paupertate
1026 2454 1077 2519 uel
1106 2453 1177 2519 aliis
1205 2452 1385 2518 istiusmodi

254 2558 347 2623 rebus
365 2554 523 2620 existimet
537 2574 604 2620 esse
618 2557 756 2636 miseros,
780 2559 892 2639 quibus
908 2577 940 2622 se
961 2556 1010 2622 illi
1027 2556 1164 2622 oofidunt
1180 2575 1246 2622 esse
1261 2549 1383 2632 felicem

254 2675 344 2723 nemo
374 2658 457 2724 enim
487 2659 620 2724 aliorum
648 2678 741 2726 sensu
771 2662 941 2727 miserest
971 2662 1025 2726 sed
1055 2679 1121 2728 suo.
1166 2662 1198 2726 et
1225 2660 1295 2725 ideo
1321 2677 1425 2724 nonno

253 2761 385 2844 possunt
408 2762 589 2843 cuiusquam
606 2759 683 2828 falso
700 2762 813 2830 iudioio
837 2782 904 2830 esse
926 2763 1044 2848 miseri,
1068 2763 1212 2849 quisunt
1234 2782 1307 2828 uere
1329 2780 1385 2828 sna

255 2862 443 2929 oonsoientia
464 2865 565 2942 beati;
588 2865 670 2930 nulli
694 2865 787 2950 enim,
811 2867 848 2931 nt
870 2868 987 2951 opinor,
1014 2868 1167 2933 beatiores
1191 2871 1266 2932 sunt
1288 2885 1382 2950 qnam

253 2967 306 3049 qui
328 2985 364 3032 er
387 2967 545 3033 sententia
571 2987 628 3034 suu
649 2971 742 3052 atque
765 2989 801 3036 ex
823 2971 896 3034 uoto
917 2974 1023 3053 agunt.
1051 2971 1186 3036 humiles
1210 2973 1285 3036 sunt
1307 2971 1381 3036 reli·

252 3072 345 3155 giosi‚
375 3072 433 3137 hoo
455 3072 580 3150 uolunt;
609 3091 759 3156 pauperes
783 3075 871 3151 sunt,
902 3073 1047 3157 pauperie
1077 3075 1287 3159 delectantur;
1315 3073 1380 3138 sine

252 3174 423 3242 ambitione
446 3178 533 3254 sunt,
563 3177 719 3242 ambitum
750 3180 915 3261 respuunt;
944 3178 1087 3243 inhonori
1117 3182 1204 3256 sunt,
1235 3178 1421 3243 honoremus

250 3278 393 3362 fugiunt3
427 3279 552 3362 lugent,
587 3280 695 3363 lugere
728 3282 887 3364 gestiunt;
921 3281 1038 3346 infirmi
1073 3285 1162 3360 sunt,
1198 3281 1381 3347 infirmitate

270 3565 387 3620 '3his
414 3565 442 3619 Β
546 3568 671 3636 Aueria]
693 3568 762 3623 uiris
789 3570 816 3624 Β
921 3570 1047 3626 fidelibus
1065 3596 1105 3626 m
1123 3574 1150 3626 et
1168 3572 1267 3641 inpost.
1285 3573 1313 3626 A

189 3695 193 3700 .
253 3653 315 3706 bin
334 3651 489 3721 pastoribus
507 3652 535 3706 Β
552 3659 622 3709 m.1
725 3654 834 3710 doleant
850 3657 897 3712 sed
915 3673 934 3711 n
948 3663 1045 3725 punct.
1064 3658 1092 3712 Β
1197 3657 1326 3712 fidoleat
1342 3683 1382 3710 m

253 3737 360 3806 numqui
384 3737 451 3792 mali
474 3739 522 3794 sed
544 3754 606 3793 oum
626 3745 723 3808 pona.
746 3741 774 3795 A
801 3796 804 3804 ,
877 3759 936 3797 enm
960 3745 1054 3813 utique
1078 3746 1239 3814 quicumque
1263 3744 1330 3798 mali
1353 3744 1399 3798 Β.

249 3838 318 3880 terr.
338 3839 371 3880 err
389 3840 449 3879 oum
467 3825 561 3894 ntique
579 3827 625 3895 qni
644 3843 678 3882 m.
765 3828 1037 3885 9uindimbissimis
1055 3832 1096 3884 Av
1176 3829 1209 3885 10
1226 3831 1381 3900 quaestibus

252 3910 467 3967 astruebatur:
495 3911 636 3980 questibus
652 3913 681 3967 A
707 3913 907 3983 quaestionibus
925 3915 953 3970 Β
1048 3917 1081 3970 11
1099 3916 1295 3986 negotiationes
1313 3919 1381 3970 sam·

250 3996 287 4050 tis
304 4012 416 4066 quorum
434 3998 462 4052 A
551 3999 583 4053 12
601 3999 806 4069 miseri-aquia
822 4000 850 4054 A
943 4002 976 4056 14
994 4016 1074 4071 qnam
1092 4007 1193 4058 sunta·
1206 4019 1268 4074 ergo
1286 4004 1314 4056 A

251 4082 284 4136 15
308 4098 356 4152 pro
375 4082 501 4138 mlibot
520 4083 549 4137 A
654 4086 685 4140 17
708 4085 936 4142 beatiuestut
958 4088 995 4142 A,
1091 4089 1259 4146 lfi‘astimet
1285 4089 1313 4143 Β
1407 4125 1409 4130 ·

249 4167 284 4220 20
308 4183 385 4224 sensu
403 4193 443 4224 m
461 4169 616 4240 ‘cuiusquam
639 4171 666 4224 A
770 4171 801 4227 21
830 4188 879 4226 sua
895 4173 1088 4230 arbustiores
1111 4175 1139 4228 A
1243 4176 1276 4230 23
1299 4177 1380 4244 atque

248 4253 314 4306 uoto
333 4254 360 4308 Β
455 4255 636 4312 humimlunt
653 4273 782 4327 pauperos
799 4258 827 4312 A
931 4259 965 4314 24
982 4262 1124 4330 pauperiae
1141 4263 1169 4317 A
1266 4262 1323 4316 sine
1340 4286 1380 4314 uae

246 4339 275 4392 in
293 4337 390 4395 honore
402 4341 461 4410 (uio)
480 4344 544 4398 sunt
555 4342 589 4395 ’A
686 4343 720 4398 26
737 4343 857 4415 tugiunt]
877 4349 1008 4414 respuunt
1024 4346 1053 4400 Β
1151 4346 1254 4402 infirmi
1267 4373 1308 4402 *aa
1319 4363 1378 4403 oum

246 4423 317 4478 enim
334 4425 362 4479 A
