3172 5098
268 500 332 565 270
756 494 913 549 Saluiani

269 688 408 771 sparsi.
458 686 638 771 oportuit
683 703 772 768 ergo
810 687 847 747 te
890 682 1101 765 pecuniam
1145 701 1267 747 meam
1309 682 1401 746 dare

268 791 567 872 nummulariis,
614 789 653 853 et
690 807 761 871 ego
804 785 968 850 ueniens
1005 805 1088 850 cum
1125 784 1257 850 usuris
1294 802 1402 849 rece-

268 895 410 978 pissem
441 894 539 975 quod
568 911 691 958 meum
714 894 784 956 est.
822 889 963 955 tollite
987 890 1120 971 itaque
1144 888 1189 953 ab
1212 905 1252 952 eo
1275 887 1401 952 talen·

268 1001 349 1062 tum
379 996 416 1061 et
445 995 535 1062 date
566 995 600 1060 ei
629 995 694 1078 qui
724 993 847 1059 habet
877 993 1007 1058 decern
1037 992 1206 1058 talenta.
1243 1011 1279 1058 ao
1306 991 1401 1074 paulo

268 1102 356 1182 post:
391 1101 430 1164 et
452 1117 608 1163 seruum
630 1114 794 1180 nequam
823 1097 999 1179 proicite
1021 1097 1060 1160 in
1083 1095 1273 1162 tenebras
1298 1097 1441 1161 erte-s

237 1201 408 1287 4riores‚
446 1202 503 1266 ibi
541 1203 617 1267 erit
653 1200 778 1264 fletus
816 1201 855 1264 et
890 1199 1046 1265 stridor
1083 1200 1274 1263 dentium.
1319 1199 1401 1281 quod

268 1305 437 1371 tamenetsi
467 1306 563 1370 etiam
594 1304 635 1368 sd
665 1303 752 1369 aliud
781 1303 890 1368 referri
912 1305 1026 1386 potest,
1059 1304 1164 1367 tamen
1187 1302 1255 1367 loco
1278 1321 1400 1385 quoque

211 1443 214 1495 1
268 1411 300 1474 et
323 1427 432 1474 musae
454 1407 527 1471 huio
549 1425 610 1472 non
632 1406 836 1472 insalubriter
859 1407 1032 1488 coaptatur.
1063 1423 1136 1470 oum
1151 1405 1236 1470 enim
1251 1424 1402 1469 nummu-

212 1498 214 1507 ’
268 1513 340 1602 larii
374 1512 537 1577 saluatoris
570 1529 721 1594 pauperes
751 1513 782 1575 et
816 1511 905 1594 egeni
938 1513 1022 1575 recte
1056 1508 1291 1594 intellegantur,
1327 1509 1403 1591 quia

268 1607 406 1700 pecunia,
429 1634 508 1697 quae
532 1614 648 1679 talibus
671 1613 878 1696 dispensetis,
903 1617 1045 1696 augetur,
1069 1633 1139 1679 curn
1162 1613 1266 1679 usuris
1282 1614 1441 1696 absquero

268 1718 362 1784 dnbio
379 1737 397 1782 a
412 1719 468 1784 deo
485 1717 627 1782 redditur
650 1718 801 1801 quidquid
818 1718 981 1800 egentibus
997 1718 1150 1801 erogatur.
1180 1717 1262 1782 unde
1277 1721 1309 1782 et
1324 1717 1401 1782 alibi

267 1822 404 1904 apertius
426 1820 494 1904 ipse
515 1823 662 1886 dominus·
682 1820 870 1886 distribuere
893 1821 1006 1886 diuites
1030 1839 1102 1904 opes
1126 1821 1235 1886 mundi
1250 1821 1282 1885 et
1297 1820 1400 1885 facere

267 1926 327 1990 sibi
362 1924 511 2001 sacculos,
546 1925 600 2007 qui
635 1941 696 1988 non
731 1925 935 2005 ueterescant‚
969 1924 1067 1989 iubet.
1105 1924 1160 1990 sed
1194 1926 1225 1990 et
1259 1923 1292 1988 in
1324 1939 1401 1988 uase

268 2029 426 2092 electionis
461 2045 535 2092 suae
568 2027 685 2092 ideirco
719 2027 928 2110 locupletibus
961 2027 1088 2092 diuitias
1123 2045 1141 2091 a
1174 2027 1297 2093 domino
1331 2024 1401 2092 dari

236 2131 394 2214 bindioat‚
417 2134 453 2195 ut
475 2130 557 2195 bono
577 2131 671 2212 'opere
694 2129 860 2195 ditescant.
899 2130 933 2196 et
961 2132 1029 2196 ideo
1053 2134 1148 2197 otiam
1171 2147 1227 2216 ego
1250 2130 1439 2197 minimusrs

267 2238 299 2300 et
330 2233 567 2318 indignissimus
605 2234 796 2300 famulorum
831 2236 880 2300 dei
913 2235 1052 2316 primum
1085 2253 1121 2300 ac
1155 2234 1400 2300 saluberrimum

219 2351 223 2358 ·
266 2335 426 2420 religionis
450 2336 587 2402 officium
610 2355 676 2402 esse
699 2338 778 2417 dico,
803 2341 839 2402 ut
854 2337 1053 2404 Christianus
1077 2338 1174 2417 diues,
1198 2340 1273 2404 dum
1292 2338 1324 2400 in
1339 2336 1399 2401 hac

266 2442 335 2505 uita
365 2443 421 2520 est,
451 2441 580 2506 diuitias
610 2441 720 2505 mundi
748 2442 840 2507 buius
869 2459 923 2524 pro
947 2441 996 2506 dei
1019 2441 1145 2508 nomine
1168 2445 1261 2525 atque
1283 2441 1399 2505 honore

266 2547 443 2622 consumat3
466 2544 637 2609 secundnm
662 2548 778 2623 autem,
801 2545 838 2609 ul
859 2543 887 2609 si
901 2545 934 2609 id
957 2547 1008 2610 nel
1030 2549 1117 2610 metu
1140 2546 1191 2610 uel
1213 2542 1399 2612 infirmitate

265 2647 319 2711 uel
350 2647 536 2712 necessitate
570 2647 675 2730 ¹aliqua
708 2649 905 2731 praepeditus
939 2648 1019 2713 forte
1046 2667 1108 2714 non
1133 2648 1253 2724 fecerit,
1289 2647 1441 2712 saltimco

266 2751 400 2815 moriens
423 2750 569 2816 uniuersa
590 2751 761 2832 dispenset.

237 2874 257 2939 6
310 2870 353 2934 ΙΙ.
384 2869 443 2935 Sed
476 2870 552 2935 dicit
582 2871 731 2938 fortasse:
765 2871 846 2936 filios
876 2872 984 2937 habeo.
1022 2871 1088 2936 iarn
1117 2873 1154 2937 de
1185 2871 1243 2936 hoo
1270 2872 1398 2953 quidem

267 2971 450 3056 principalis
474 2973 575 3039 libelli
598 2976 713 3062 pagina
736 2978 767 3040 et
790 2975 1018 3055 conuenientia,
1048 2976 1086 3039 ut
1107 2976 1250 3054 arbitror,
1282 2977 1313 3039 et
1334 2992 1397 3038 non

265 3093 364 3158 pauca
386 3079 581 3160 memorauit,
606 3079 744 3162 satisque
766 3078 806 3143 ad
827 3079 908 3143 hanc
931 3098 996 3143 rem
1012 3078 1130 3144 domini
1153 3095 1254 3143 sermo
1278 3075 1399 3144 sufficit

266 3178 387 3244 dicens:
421 3181 486 3262 qui
520 3184 624 3246 amat
658 3181 791 3246 filium
819 3186 886 3246 aut
913 3181 1045 3246 filiam
1074 3200 1192 3264 super
1219 3201 1292 3256 me,
1323 3197 1436 3245 nonos

266 3283 324 3345 est
346 3301 402 3346 me
425 3283 586 3365 dignus:
616 3283 670 3350 sed
699 3288 731 3348 et
753 3284 969 3368 propheticum
992 3284 1083 3361 illud,
1115 3285 1196 3368 quod
1219 3284 1274 3368 ait,
1297 3295 1397 3366 neque

265 3387 369 3466 patres
398 3405 453 3469 pro
483 3385 558 3451 filiis
588 3401 686 3470 neque
716 3382 798 3469 tilios
828 3406 882 3470 pro
908 3388 1091 3470 parentibus
1113 3388 1306 3468 iudicandos,
1341 3385 1397 3452 sed

247 3497 361 3552 'unum
397 3506 550 3570 quemque
585 3489 747 3556 hominum
780 3497 835 3556 aut
864 3509 919 3555 sua
953 3490 1175 3557 iustificatione
1210 3491 1397 3557 saluandum

265 3593 321 3654 aut
348 3609 404 3656 sua
433 3590 598 3674 iniquitate
626 3593 818 3676 periturum:
849 3612 884 3659 ac
912 3612 966 3676 per
990 3595 1056 3668 hoc,
1086 3594 1242 3676 quaslibet
1265 3593 1395 3659 diuitias

264 3691 356 3757 homo
378 3693 453 3760 filiis
468 3694 533 3760 suis
551 3699 708 3779 congerat,
733 3714 929 3780 nequaquam
945 3699 1004 3763 hoo
1019 3699 1047 3762 ei
1062 3698 1201 3780 proderit
1216 3699 1250 3762 in
1265 3696 1389 3773 iudicio,
1406 3720 1439 3765 co

366 3897 501 3952 tonatth.
519 3899 560 3964 25,
579 3898 613 3952 30
701 3900 732 3953 11
756 3899 818 3954 Luc.
839 3899 872 3955 12
965 3900 1029 3955 131
1048 3901 1151 3958 Timo
1237 3903 1272 3957 25
1293 3902 1394 3958 Matth.

265 3981 305 4046 10,
324 3983 357 4036 37
462 3983 496 4037 26
515 3983 607 4038 Enoch.
627 3985 660 4039 18
1145 3983 1149 3992 '

315 4173 332 4225 2
350 4174 509 4226 nnmolsriis
527 4174 582 4228 AB
600 4174 648 4228 sed
665 4177 693 4230 A
710 4191 730 4232 s.
750 4192 764 4228 o
782 4192 835 4232 scr.
853 4194 870 4230 u
888 4193 922 4232 m.
940 4180 959 4232 2
976 4179 1074 4246 (paulo
1087 4183 1153 4246 post
1169 4177 1325 4244 numularii)

263 4258 415 4328 recipissem
433 4260 489 4314 AB
584 4262 730 4316 tametsi
747 4263 775 4316 B
873 4265 905 4318 10
923 4264 1093 4333 dispensatur
1111 4279 1146 4320 cco
1165 4269 1221 4318 ·tor
1238 4280 1309 4320 corr.
1327 4265 1397 4318 Μ

263 4344 291 4397 Β
396 4346 427 4398 11
453 4361 469 4398 a
492 4346 591 4400 addidi
613 4363 675 4402 oum
697 4348 1008 4418 Horteiio(cf.oo.14)
1097 4351 1146 4406 ,13
1169 4352 1337 4405 ueterascant
1362 4343 1400 4406 cci

264 4434 389 4487 netorosc.
407 4447 474 4487 corr.
494 4450 527 4487 m.
547 4437 566 4488 2
584 4435 611 4490 B
713 4435 748 4490 20
766 4437 835 4490 salte
853 4453 888 4492 ea
905 4439 945 4492 -ti
962 4453 1032 4495 corr.
1051 4456 1084 4494 m.
1105 4438 1169 4493 aa
