<?xml version="1.0" encoding="UTF-8"?>
<!DOCTYPE html PUBLIC "-//W3C//DTD XHTML 1.0 Transitional//EN"
    "http://www.w3.org/TR/xhtml1/DTD/xhtml1-transitional.dtd">
<html xmlns="http://www.w3.org/1999/xhtml" xml:lang="en" lang="en">
 <head>
  <title>
</title>
<meta http-equiv="Content-Type" content="text/html;charset=utf-8" />
  <meta name='ocr-system' content='tesseract 3.04.00' />
  <meta name='ocr-capabilities' content='ocr_page ocr_carea ocr_par ocr_line ocrx_word'/>
</head>
<body>
  <div class='ocr_page' id='page_1' title='image "./corpusscriptoru07wissgoog_0295.png"; bbox 0 0 3172 5098; ppageno 0'>
   <div class='ocr_carea' id='block_1_1' title="bbox 277 465 920 536">
    <p class='ocr_par' dir='ltr' id='par_1_1' title="bbox 277 465 920 536">
     <span class='ocr_line' id='line_1_1' title="bbox 277 465 920 536; baseline -0.003 -12"><span class='ocrx_word' id='word_1_1' title='bbox 277 465 340 536; x_wconf 77' lang='grc'>272</span> <span class='ocrx_word' id='word_1_2' title='bbox 766 471 920 524; x_wconf 81' lang='lat' dir='ltr'>Saluiani</span> 
     </span>
    </p>
   </div>
   <div class='ocr_carea' id='block_1_2' title="bbox 228 661 1445 2294">
    <p class='ocr_par' dir='ltr' id='par_1_2' title="bbox 276 661 1409 1055">
     <span class='ocr_line' id='line_1_2' title="bbox 277 661 1408 742; baseline 0.001 -17"><span class='ocrx_word' id='word_1_3' title='bbox 277 661 367 727; x_wconf 90' lang='lat' dir='ltr'>nulla</span> <span class='ocrx_word' id='word_1_4' title='bbox 400 661 451 741; x_wconf 86' lang='lat' dir='ltr'>sit,</span> <span class='ocrx_word' id='word_1_5' title='bbox 486 662 560 728; x_wconf 85' lang='lat' dir='ltr'>ioris</span> <span class='ocrx_word' id='word_1_6' title='bbox 594 663 761 728; x_wconf 75' lang='lat' dir='ltr'>discrimen</span> <span class='ocrx_word' id='word_1_7' title='bbox 795 663 965 742; x_wconf 85' lang='lat' dir='ltr'>arcessunt,</span> <span class='ocrx_word' id='word_1_8' title='bbox 1001 664 1032 726; x_wconf 91' lang='lat' dir='ltr'>et</span> <span class='ocrx_word' id='word_1_9' title='bbox 1060 661 1135 727; x_wconf 90' lang='lat' dir='ltr'>licet</span> <span class='ocrx_word' id='word_1_10' title='bbox 1166 679 1274 732; x_wconf 84' lang='lat' dir='ltr'>causae</span> <span class='ocrx_word' id='word_1_11' title='bbox 1304 662 1408 727; x_wconf 81' lang='lat' dir='ltr'>desint</span> 
     </span>
     <span class='ocr_line' id='line_1_3' title="bbox 276 764 1406 850; baseline 0.002 -22"><span class='ocrx_word' id='word_1_12' title='bbox 276 766 493 846; x_wconf 82' lang='lat' dir='ltr'>periculorum,</span> <span class='ocrx_word' id='word_1_13' title='bbox 528 768 626 831; x_wconf 89' lang='lat' dir='ltr'>ruunt</span> <span class='ocrx_word' id='word_1_14' title='bbox 659 770 765 832; x_wconf 90' lang='lat' dir='ltr'>tamen</span> <span class='ocrx_word' id='word_1_15' title='bbox 801 765 890 850; x_wconf 82' lang='lat' dir='ltr'>quasi</span> <span class='ocrx_word' id='word_1_16' title='bbox 918 768 951 830; x_wconf 88' lang='lat' dir='ltr'>in</span> <span class='ocrx_word' id='word_1_17' title='bbox 979 764 1143 831; x_wconf 89' lang='lat' dir='ltr'>interitum</span> <span class='ocrx_word' id='word_1_18' title='bbox 1175 765 1406 831; x_wconf 88' lang='lat' dir='ltr'>uoluntarium:</span> 
     </span>
     <span class='ocr_line' id='line_1_4' title="bbox 278 867 1409 952; baseline 0.002 -22"><span class='ocrx_word' id='word_1_19' title='bbox 278 884 409 949; x_wconf 91' lang='lat' dir='ltr'>quorum</span> <span class='ocrx_word' id='word_1_20' title='bbox 431 886 547 934; x_wconf 88' lang='lat' dir='ltr'>errores</span> <span class='ocrx_word' id='word_1_21' title='bbox 569 869 779 936; x_wconf 83' lang='lat' dir='ltr'>infelicissimi</span> <span class='ocrx_word' id='word_1_22' title='bbox 808 887 868 952; x_wconf 91' lang='lat' dir='ltr'>quo</span> <span class='ocrx_word' id='word_1_23' title='bbox 891 867 1003 934; x_wconf 85' lang='lat' dir='ltr'>affectu</span> <span class='ocrx_word' id='word_1_24' title='bbox 1026 870 1122 933; x_wconf 91' lang='lat' dir='ltr'>animi</span> <span class='ocrx_word' id='word_1_25' title='bbox 1146 867 1320 951; x_wconf 87' lang='lat' dir='ltr'>accipiendi</span> <span class='ocrx_word' id='word_1_26' title='bbox 1343 867 1409 933; x_wconf 86' lang='lat' dir='ltr'>sint</span> 
     </span>
     <span class='ocr_line' id='line_1_5' title="bbox 277 970 1405 1055; baseline 0.002 -21"><span class='ocrx_word' id='word_1_27' title='bbox 277 989 370 1054; x_wconf 88' lang='lat' dir='ltr'>prope</span> <span class='ocrx_word' id='word_1_28' title='bbox 392 970 548 1036; x_wconf 87' lang='lat' dir='ltr'>incertum</span> <span class='ocrx_word' id='word_1_29' title='bbox 563 972 645 1055; x_wconf 88' lang='lat' dir='ltr'>apud</span> <span class='ocrx_word' id='word_1_30' title='bbox 668 975 819 1054; x_wconf 88' lang='lat' dir='ltr'>quosdam</span> <span class='ocrx_word' id='word_1_31' title='bbox 836 972 935 1036; x_wconf 93' lang='lat' dir='ltr'>uideri</span> <span class='ocrx_word' id='word_1_32' title='bbox 957 973 1071 1055; x_wconf 85' lang='lat' dir='ltr'>potest,</span> <span class='ocrx_word' id='word_1_33' title='bbox 1094 972 1332 1037; x_wconf 87' lang='lat' dir='ltr'>irascendumne</span> <span class='ocrx_word' id='word_1_34' title='bbox 1355 972 1405 1036; x_wconf 89' lang='lat' dir='ltr'>his</span> 
     </span>
    </p>

    <p class='ocr_par' dir='ltr' id='par_1_3' title="bbox 228 1075 1445 2294">
     <span class='ocr_line' id='line_1_6' title="bbox 228 1075 1443 1161; baseline -0.007 -16"><span class='ocrx_word' id='word_1_35' title='bbox 228 1081 265 1145; x_wconf 95' lang='grc'>11</span> <span class='ocrx_word' id='word_1_36' title='bbox 278 1095 317 1140; x_wconf 89' lang='grc'>01</span> <span class='ocrx_word' id='word_1_37' title='bbox 339 1076 507 1140; x_wconf 90' lang='lat' dir='ltr'>dolendum</span> <span class='ocrx_word' id='word_1_38' title='bbox 536 1076 587 1139; x_wconf 85' lang='lat' dir='ltr'>sit.</span> <span class='ocrx_word' id='word_1_39' title='bbox 622 1093 705 1140; x_wconf 90' lang='lat' dir='ltr'>error</span> <span class='ocrx_word' id='word_1_40' title='bbox 734 1076 818 1140; x_wconf 90' lang='lat' dir='ltr'>enim</span> <span class='ocrx_word' id='word_1_41' title='bbox 848 1076 952 1142; x_wconf 89' lang='lat' dir='ltr'>dolore</span> <span class='ocrx_word' id='word_1_42' title='bbox 975 1075 1088 1161; x_wconf 84' lang='lat' dir='ltr'>dignus</span> <span class='ocrx_word' id='word_1_43' title='bbox 1113 1077 1160 1141; x_wconf 86' lang='lat' dir='ltr'>est</span> <span class='ocrx_word' id='word_1_44' title='bbox 1183 1077 1314 1158; x_wconf 78' lang='lat' dir='ltr'>inpietas</span> <span class='ocrx_word' id='word_1_45' title='bbox 1335 1093 1406 1139; x_wconf 86' lang='lat' dir='ltr'>ere·</span> <span class='ocrx_word' id='word_1_46' title='bbox 1430 1095 1443 1136; x_wconf 80' lang='grc'>1</span> 
     </span>
     <span class='ocr_line' id='line_1_7' title="bbox 277 1177 1405 1244; baseline 0.002 -2"><span class='ocrx_word' id='word_1_47' title='bbox 277 1179 429 1243; x_wconf 82' lang='grc' dir='ltr'>0101101οε</span> <span class='ocrx_word' id='word_1_48' title='bbox 464 1179 502 1242; x_wconf 93' lang='lat' dir='ltr'>ad</span> <span class='ocrx_word' id='word_1_49' title='bbox 532 1177 641 1242; x_wconf 85' lang='lat' dir='ltr'>fletum</span> <span class='ocrx_word' id='word_1_50' title='bbox 670 1180 825 1244; x_wconf 80' lang='lat' dir='ltr'>trahimur</span> <span class='ocrx_word' id='word_1_51' title='bbox 854 1177 1044 1243; x_wconf 77' lang='lat' dir='ltr'>infelicitate</span> <span class='ocrx_word' id='word_1_52' title='bbox 1072 1178 1110 1243; x_wconf 88' lang='lat' dir='ltr'>ad</span> <span class='ocrx_word' id='word_1_53' title='bbox 1141 1179 1332 1244; x_wconf 85' lang='lat' dir='ltr'>iracundiam</span> <span class='ocrx_word' id='word_1_54' title='bbox 1355 1181 1405 1244; x_wconf 89' lang='lat' dir='ltr'>in·</span> 
     </span>
     <span class='ocr_line' id='line_1_8' title="bbox 277 1279 1409 1365; baseline 0 -20"><span class='ocrx_word' id='word_1_55' title='bbox 277 1281 436 1347; x_wconf 86' lang='lat' dir='ltr'>fidelitate.</span> <span class='ocrx_word' id='word_1_56' title='bbox 476 1283 508 1346; x_wconf 90' lang='lat' dir='ltr'>in</span> <span class='ocrx_word' id='word_1_57' title='bbox 531 1300 594 1346; x_wconf 91' lang='lat' dir='ltr'>una</span> <span class='ocrx_word' id='word_1_58' title='bbox 609 1301 642 1346; x_wconf 92' lang='lat' dir='ltr'>re</span> <span class='ocrx_word' id='word_1_59' title='bbox 659 1282 781 1364; x_wconf 87' lang='lat' dir='ltr'>estque</span> <span class='ocrx_word' id='word_1_60' title='bbox 798 1301 853 1365; x_wconf 90' lang='lat' dir='ltr'>pro</span> <span class='ocrx_word' id='word_1_61' title='bbox 870 1282 1032 1347; x_wconf 92' lang='lat' dir='ltr'>hominum</span> <span class='ocrx_word' id='word_1_62' title='bbox 1048 1279 1409 1365; x_wconf 70' lang='lat' dir='ltr'>insipientia&#39;lugeamus</span> 
     </span>
     <span class='ocr_line' id='line_1_9' title="bbox 277 1385 1409 1468; baseline -0.004 -17"><span class='ocrx_word' id='word_1_63' title='bbox 277 1387 310 1451; x_wconf 91' lang='lat' dir='ltr'>in</span> <span class='ocrx_word' id='word_1_64' title='bbox 333 1385 396 1450; x_wconf 89' lang='lat' dir='ltr'>alia</span> <span class='ocrx_word' id='word_1_65' title='bbox 418 1403 478 1468; x_wconf 90' lang='lat' dir='ltr'>quo</span> <span class='ocrx_word' id='word_1_66' title='bbox 501 1404 556 1467; x_wconf 91' lang='lat' dir='ltr'>pro</span> <span class='ocrx_word' id='word_1_67' title='bbox 578 1386 628 1448; x_wconf 95' lang='lat' dir='ltr'>dei</span> <span class='ocrx_word' id='word_1_68' title='bbox 651 1403 755 1450; x_wconf 87' lang='lat' dir='ltr'>amore</span> <span class='ocrx_word' id='word_1_69' title='bbox 774 1403 963 1464; x_wconf 83' lang='lat' dir='ltr'>medeamur,</span> <span class='ocrx_word' id='word_1_70' title='bbox 987 1385 1088 1449; x_wconf 91' lang='lat' dir='ltr'>ullum</span> <span class='ocrx_word' id='word_1_71' title='bbox 1105 1385 1229 1449; x_wconf 92' lang='lat' dir='ltr'>omnino</span> <span class='ocrx_word' id='word_1_72' title='bbox 1245 1386 1409 1450; x_wconf 92' lang='lat' dir='ltr'>hominum</span> 
     </span>
     <span class='ocr_line' id='line_1_10' title="bbox 277 1477 1407 1570; baseline -0.002 -16"><span class='ocrx_word' id='word_1_73' title='bbox 277 1477 413 1554; x_wconf 85' lang='lat' dir='ltr'>inueniri</span> <span class='ocrx_word' id='word_1_74' title='bbox 437 1489 493 1552; x_wconf 86' lang='lat' dir='ltr'>aut</span> <span class='ocrx_word' id='word_1_75' title='bbox 515 1507 581 1553; x_wconf 88' lang='lat' dir='ltr'>esse</span> <span class='ocrx_word' id='word_1_76' title='bbox 604 1506 702 1570; x_wconf 88' lang='lat' dir='ltr'>posse,</span> <span class='ocrx_word' id='word_1_77' title='bbox 725 1489 780 1570; x_wconf 91' lang='lat' dir='ltr'>qui</span> <span class='ocrx_word' id='word_1_78' title='bbox 802 1488 929 1554; x_wconf 88' lang='lat' dir='ltr'>decurso</span> <span class='ocrx_word' id='word_1_79' title='bbox 949 1489 1084 1554; x_wconf 88' lang='lat' dir='ltr'>infelicis</span> <span class='ocrx_word' id='word_1_80' title='bbox 1100 1489 1186 1554; x_wconf 89' lang='lat' dir='ltr'>uitae</span> <span class='ocrx_word' id='word_1_81' title='bbox 1201 1489 1293 1554; x_wconf 89' lang='lat' dir='ltr'>istius</span> <span class='ocrx_word' id='word_1_82' title='bbox 1317 1489 1407 1554; x_wconf 90' lang='lat' dir='ltr'>breui</span> 
     </span>
     <span class='ocr_line' id='line_1_11' title="bbox 278 1591 1444 1676; baseline -0.003 -18"><span class='ocrx_word' id='word_1_83' title='bbox 278 1592 388 1676; x_wconf 84' lang='lat' dir='ltr'>spatio,</span> <span class='ocrx_word' id='word_1_84' title='bbox 411 1593 527 1676; x_wconf 84' lang='lat' dir='ltr'>inipso</span> <span class='ocrx_word' id='word_1_85' title='bbox 543 1593 738 1657; x_wconf 85' lang='lat' dir='ltr'>extremitate</span> <span class='ocrx_word' id='word_1_86' title='bbox 753 1594 818 1656; x_wconf 92' lang='lat' dir='ltr'>iam</span> <span class='ocrx_word' id='word_1_87' title='bbox 833 1591 980 1674; x_wconf 79' lang='lat' dir='ltr'>pendens,</span> <span class='ocrx_word' id='word_1_88' title='bbox 1004 1594 1105 1656; x_wconf 88' lang='lat' dir='ltr'>iturus</span> <span class='ocrx_word' id='word_1_89' title='bbox 1122 1591 1194 1656; x_wconf 92' lang='lat' dir='ltr'>ilico</span> <span class='ocrx_word' id='word_1_90' title='bbox 1210 1594 1248 1657; x_wconf 90' lang='lat' dir='ltr'>ad</span> <span class='ocrx_word' id='word_1_91' title='bbox 1265 1591 1408 1656; x_wconf 82' lang='lat' dir='ltr'>tribunal</span> <span class='ocrx_word' id='word_1_92' title='bbox 1419 1616 1444 1656; x_wconf 86' lang='grc'>10</span> 
     </span>
     <span class='ocr_line' id='line_1_12' title="bbox 278 1693 1409 1780; baseline -0.002 -20"><span class='ocrx_word' id='word_1_93' title='bbox 278 1697 337 1777; x_wconf 87' lang='lat' dir='ltr'>dei,</span> <span class='ocrx_word' id='word_1_94' title='bbox 372 1695 537 1778; x_wconf 90' lang='lat' dir='ltr'>quicquam</span> <span class='ocrx_word' id='word_1_95' title='bbox 570 1696 654 1762; x_wconf 91' lang='lat' dir='ltr'>aliud</span> <span class='ocrx_word' id='word_1_96' title='bbox 687 1697 805 1780; x_wconf 83' lang='lat' dir='ltr'>cogitet</span> <span class='ocrx_word' id='word_1_97' title='bbox 831 1697 954 1778; x_wconf 89' lang='lat' dir='ltr'>praeter</span> <span class='ocrx_word' id='word_1_98' title='bbox 981 1693 1076 1758; x_wconf 90' lang='lat' dir='ltr'>finem</span> <span class='ocrx_word' id='word_1_99' title='bbox 1106 1713 1207 1775; x_wconf 81' lang='lat' dir='ltr'>suum,</span> <span class='ocrx_word' id='word_1_100' title='bbox 1242 1695 1409 1777; x_wconf 87' lang='lat' dir='ltr'>quicquam</span> 
     </span>
     <span class='ocr_line' id='line_1_13' title="bbox 278 1798 1407 1881; baseline -0.003 -17"><span class='ocrx_word' id='word_1_101' title='bbox 278 1800 364 1864; x_wconf 89' lang='lat' dir='ltr'>aliud</span> <span class='ocrx_word' id='word_1_102' title='bbox 387 1802 512 1880; x_wconf 89' lang='lat' dir='ltr'>praeter</span> <span class='ocrx_word' id='word_1_103' title='bbox 535 1799 653 1863; x_wconf 88' lang='grc'>0111111111</span> <span class='ocrx_word' id='word_1_104' title='bbox 676 1817 777 1880; x_wconf 89' lang='lat' dir='ltr'>suum,</span> <span class='ocrx_word' id='word_1_105' title='bbox 801 1799 966 1881; x_wconf 89' lang='lat' dir='ltr'>quicquam</span> <span class='ocrx_word' id='word_1_106' title='bbox 982 1798 1066 1863; x_wconf 90' lang='lat' dir='ltr'>aliud</span> <span class='ocrx_word' id='word_1_107' title='bbox 1088 1799 1210 1880; x_wconf 87' lang='lat' dir='ltr'>praeter</span> <span class='ocrx_word' id='word_1_108' title='bbox 1231 1799 1407 1880; x_wconf 91' lang='lat' dir='ltr'>periculum</span> 
     </span>
     <span class='ocr_line' id='line_1_14' title="bbox 278 1900 1410 1986; baseline -0.003 -19"><span class='ocrx_word' id='word_1_109' title='bbox 278 1919 379 1980; x_wconf 86' lang='lat' dir='ltr'>suum,</span> <span class='ocrx_word' id='word_1_110' title='bbox 408 1907 440 1966; x_wconf 91' lang='grc'>01</span> <span class='ocrx_word' id='word_1_111' title='bbox 462 1903 605 1986; x_wconf 86' lang='lat' dir='ltr'>neglecta</span> <span class='ocrx_word' id='word_1_112' title='bbox 627 1921 681 1986; x_wconf 91' lang='lat' dir='ltr'>spe</span> <span class='ocrx_word' id='word_1_113' title='bbox 704 1921 761 1966; x_wconf 90' lang='lat' dir='ltr'>sua</span> <span class='ocrx_word' id='word_1_114' title='bbox 784 1903 878 1984; x_wconf 89' lang='lat' dir='ltr'>atque</span> <span class='ocrx_word' id='word_1_115' title='bbox 900 1900 1014 1983; x_wconf 91' lang='lat' dir='ltr'>anima,</span> <span class='ocrx_word' id='word_1_116' title='bbox 1046 1901 1096 1966; x_wconf 89' lang='lat' dir='ltr'>cui</span> <span class='ocrx_word' id='word_1_117' title='bbox 1118 1900 1265 1984; x_wconf 90' lang='lat' dir='ltr'>opitulari</span> <span class='ocrx_word' id='word_1_118' title='bbox 1288 1900 1410 1983; x_wconf 87' lang='lat' dir='ltr'>aliqua-</span> 
     </span>
     <span class='ocr_line' id='line_1_15' title="bbox 278 2003 1411 2070; baseline -0.003 0"><span class='ocrx_word' id='word_1_119' title='bbox 278 2008 368 2070; x_wconf 85' lang='lat' dir='ltr'>tenus</span> <span class='ocrx_word' id='word_1_120' title='bbox 397 2006 449 2069; x_wconf 90' lang='lat' dir='ltr'>uel</span> <span class='ocrx_word' id='word_1_121' title='bbox 471 2008 504 2070; x_wconf 91' lang='lat' dir='ltr'>in</span> <span class='ocrx_word' id='word_1_122' title='bbox 533 2005 654 2070; x_wconf 86' lang='lat' dir='ltr'>ultimis</span> <span class='ocrx_word' id='word_1_123' title='bbox 682 2004 746 2070; x_wconf 88' lang='lat' dir='ltr'>suis</span> <span class='ocrx_word' id='word_1_124' title='bbox 774 2007 861 2070; x_wconf 94' lang='lat' dir='ltr'>omni</span> <span class='ocrx_word' id='word_1_125' title='bbox 884 2005 985 2070; x_wconf 89' lang='lat' dir='ltr'>studio</span> <span class='ocrx_word' id='word_1_126' title='bbox 1008 2008 1092 2070; x_wconf 90' lang='lat' dir='ltr'>omni</span> <span class='ocrx_word' id='word_1_127' title='bbox 1116 2005 1186 2069; x_wconf 91' lang='lat' dir='ltr'>nisu</span> <span class='ocrx_word' id='word_1_128' title='bbox 1209 2003 1350 2068; x_wconf 89' lang='grc'>0111110</span> <span class='ocrx_word' id='word_1_129' title='bbox 1374 2021 1411 2070; x_wconf 88' lang='lat' dir='ltr'>ac</span> 
     </span>
     <span class='ocr_line' id='line_1_16' title="bbox 279 2108 1445 2191; baseline 0 -19"><span class='ocrx_word' id='word_1_130' title='bbox 279 2108 457 2172; x_wconf 87' lang='lat' dir='ltr'>substantia</span> <span class='ocrx_word' id='word_1_131' title='bbox 479 2126 536 2172; x_wconf 89' lang='lat' dir='ltr'>sua</span> <span class='ocrx_word' id='word_1_132' title='bbox 557 2108 676 2187; x_wconf 87' lang='lat' dir='ltr'>debeat,</span> <span class='ocrx_word' id='word_1_133' title='bbox 699 2108 758 2172; x_wconf 90' lang='lat' dir='ltr'>hoc</span> <span class='ocrx_word' id='word_1_134' title='bbox 780 2108 882 2174; x_wconf 90' lang='lat' dir='ltr'>solum</span> <span class='ocrx_word' id='word_1_135' title='bbox 904 2109 1019 2191; x_wconf 82' lang='lat' dir='ltr'>cogitet</span> <span class='ocrx_word' id='word_1_136' title='bbox 1041 2109 1101 2172; x_wconf 91' lang='lat' dir='ltr'>hoc</span> <span class='ocrx_word' id='word_1_137' title='bbox 1117 2110 1220 2172; x_wconf 88' lang='lat' dir='ltr'>solum</span> <span class='ocrx_word' id='word_1_138' title='bbox 1235 2109 1339 2172; x_wconf 92' lang='lat' dir='ltr'>animo</span> <span class='ocrx_word' id='word_1_139' title='bbox 1355 2125 1445 2172; x_wconf 82' lang='grc'>11011</span> 
     </span>
     <span class='ocr_line' id='line_1_17' title="bbox 279 2211 1182 2294; baseline 0 -18"><span class='ocrx_word' id='word_1_140' title='bbox 279 2212 398 2291; x_wconf 89' lang='lat' dir='ltr'>uoluat,</span> <span class='ocrx_word' id='word_1_141' title='bbox 421 2229 515 2294; x_wconf 89' lang='lat' dir='ltr'>quam</span> <span class='ocrx_word' id='word_1_142' title='bbox 538 2211 625 2276; x_wconf 90' lang='lat' dir='ltr'>laute</span> <span class='ocrx_word' id='word_1_143' title='bbox 649 2212 738 2278; x_wconf 89' lang='lat' dir='ltr'>heres</span> <span class='ocrx_word' id='word_1_144' title='bbox 761 2231 835 2277; x_wconf 89' lang='lat' dir='ltr'>suus</span> <span class='ocrx_word' id='word_1_145' title='bbox 857 2231 905 2277; x_wconf 89' lang='lat' dir='ltr'>res</span> <span class='ocrx_word' id='word_1_146' title='bbox 927 2230 997 2277; x_wconf 88' lang='lat' dir='ltr'>suas</span> <span class='ocrx_word' id='word_1_147' title='bbox 1021 2212 1182 2278; x_wconf 88' lang='lat' dir='ltr'>comedat!</span> 
     </span>
    </p>
   </div>
   <div class='ocr_carea' id='block_1_3' title="bbox 229 2349 1447 3676">
    <p class='ocr_par' dir='ltr' id='par_1_4' title="bbox 229 2349 1446 3056">
     <span class='ocr_line' id='line_1_18' title="bbox 229 2349 1410 2433; baseline 0 -17"><span class='ocrx_word' id='word_1_148' title='bbox 229 2361 269 2426; x_wconf 81' lang='lat'>12</span> <span class='ocrx_word' id='word_1_149' title='bbox 321 2351 381 2416; x_wconf 92' lang='grc' dir='ltr'><strong>ΙΙΙ.</strong></span> <span class='ocrx_word' id='word_1_150' title='bbox 412 2351 587 2416; x_wconf 85' lang='lat' dir='ltr'>Miserrime</span> <span class='ocrx_word' id='word_1_151' title='bbox 610 2351 760 2429; x_wconf 85' lang='lat' dir='ltr'>omnium,</span> <span class='ocrx_word' id='word_1_152' title='bbox 784 2350 856 2433; x_wconf 90' lang='lat' dir='ltr'>quid</span> <span class='ocrx_word' id='word_1_153' title='bbox 880 2349 1035 2414; x_wconf 87' lang='lat' dir='ltr'>sollicitos</span> <span class='ocrx_word' id='word_1_154' title='bbox 1052 2370 1084 2415; x_wconf 90' lang='lat' dir='ltr'>es</span> <span class='ocrx_word' id='word_1_155' title='bbox 1101 2352 1174 2432; x_wconf 91' lang='lat' dir='ltr'>quid</span> <span class='ocrx_word' id='word_1_156' title='bbox 1190 2354 1311 2416; x_wconf 89' lang='lat' dir='ltr'>aestuas</span> <span class='ocrx_word' id='word_1_157' title='bbox 1335 2351 1410 2432; x_wconf 91' lang='lat' dir='ltr'>qnid</span> 
     </span>
     <span class='ocr_line' id='line_1_19' title="bbox 280 2453 1410 2537; baseline -0.001 -17"><span class='ocrx_word' id='word_1_158' title='bbox 280 2455 439 2521; x_wconf 88' lang='lat' dir='ltr'>auctorem</span> <span class='ocrx_word' id='word_1_159' title='bbox 461 2455 492 2518; x_wconf 92' lang='lat' dir='ltr'>te</span> <span class='ocrx_word' id='word_1_160' title='bbox 515 2453 582 2536; x_wconf 89' lang='lat' dir='ltr'>ipse</span> <span class='ocrx_word' id='word_1_161' title='bbox 605 2473 710 2520; x_wconf 90' lang='lat' dir='ltr'>rerum</span> <span class='ocrx_word' id='word_1_162' title='bbox 732 2457 941 2537; x_wconf 90' lang='lat' dir='ltr'>periturarum</span> <span class='ocrx_word' id='word_1_163' title='bbox 964 2453 1067 2520; x_wconf 80' lang='lat' dir='ltr'>facis?</span> <span class='ocrx_word' id='word_1_164' title='bbox 1095 2473 1135 2519; x_wconf 93' lang='lat' dir='ltr'>an</span> <span class='ocrx_word' id='word_1_165' title='bbox 1150 2455 1244 2520; x_wconf 88' lang='lat' dir='ltr'>times</span> <span class='ocrx_word' id='word_1_166' title='bbox 1267 2454 1410 2519; x_wconf 87' lang='lat' dir='ltr'>fortene</span> 
     </span>
     <span class='ocr_line' id='line_1_20' title="bbox 279 2557 1410 2642; baseline -0.002 -18"><span class='ocrx_word' id='word_1_167' title='bbox 279 2557 384 2624; x_wconf 85' lang='lat' dir='ltr'>desint</span> <span class='ocrx_word' id='word_1_168' title='bbox 417 2559 470 2642; x_wconf 91' lang='lat' dir='ltr'>qui</span> <span class='ocrx_word' id='word_1_169' title='bbox 499 2560 531 2622; x_wconf 91' lang='grc'>10</span> <span class='ocrx_word' id='word_1_170' title='bbox 554 2561 677 2624; x_wconf 86' lang='lat' dir='ltr'>mortuo</span> <span class='ocrx_word' id='word_1_171' title='bbox 712 2562 793 2640; x_wconf 90' lang='lat' dir='ltr'>qnod</span> <span class='ocrx_word' id='word_1_172' title='bbox 826 2558 988 2641; x_wconf 89' lang='lat' dir='ltr'>reliqueris</span> <span class='ocrx_word' id='word_1_173' title='bbox 1016 2560 1153 2623; x_wconf 81' lang='lat' dir='ltr'>dorent?</span> <span class='ocrx_word' id='word_1_174' title='bbox 1187 2558 1259 2622; x_wconf 94' lang='lat' dir='ltr'>nolo</span> <span class='ocrx_word' id='word_1_175' title='bbox 1288 2560 1410 2622; x_wconf 89' lang='lat' dir='ltr'>metuas</span> 
     </span>
     <span class='ocr_line' id='line_1_21' title="bbox 279 2661 1446 2741; baseline -0.002 -15"><span class='ocrx_word' id='word_1_176' title='bbox 279 2663 350 2727; x_wconf 93' lang='lat' dir='ltr'>nolo</span> <span class='ocrx_word' id='word_1_177' title='bbox 379 2663 526 2726; x_wconf 86' lang='grc'>10100111.</span> <span class='ocrx_word' id='word_1_178' title='bbox 565 2663 687 2726; x_wconf 82' lang='lat' dir='ltr'>utinam</span> <span class='ocrx_word' id='word_1_179' title='bbox 716 2665 783 2726; x_wconf 89' lang='lat' dir='ltr'>tam</span> <span class='ocrx_word' id='word_1_180' title='bbox 814 2661 905 2727; x_wconf 88' lang='lat' dir='ltr'>facile</span> <span class='ocrx_word' id='word_1_181' title='bbox 935 2664 970 2727; x_wconf 89' lang='lat' dir='ltr'>tu</span> <span class='ocrx_word' id='word_1_182' title='bbox 993 2662 1099 2726; x_wconf 89' lang='lat' dir='ltr'>saluus</span> <span class='ocrx_word' id='word_1_183' title='bbox 1123 2679 1205 2726; x_wconf 88' lang='lat' dir='ltr'>esses</span> <span class='ocrx_word' id='word_1_184' title='bbox 1236 2678 1330 2741; x_wconf 89' lang='lat' dir='ltr'>quam</span> <span class='ocrx_word' id='word_1_185' title='bbox 1352 2662 1446 2726; x_wconf 78' lang='lat' dir='ltr'>tuan</span> 
     </span>
     <span class='ocr_line' id='line_1_22' title="bbox 279 2761 1407 2847; baseline -0.004 -16"><span class='ocrx_word' id='word_1_186' title='bbox 279 2765 385 2831; x_wconf 92' lang='lat' dir='ltr'>omnia</span> <span class='ocrx_word' id='word_1_187' title='bbox 414 2763 614 2847; x_wconf 89' lang='lat' dir='ltr'>deperibunt!</span> <span class='ocrx_word' id='word_1_188' title='bbox 652 2784 670 2829; x_wconf 95' lang='grc'>0</span> <span class='ocrx_word' id='word_1_189' title='bbox 699 2763 869 2829; x_wconf 87' lang='lat' dir='ltr'>infidelitas</span> <span class='ocrx_word' id='word_1_190' title='bbox 900 2782 916 2828; x_wconf 96' lang='grc'>0</span> <span class='ocrx_word' id='word_1_191' title='bbox 942 2763 1145 2847; x_wconf 84' lang='lat' dir='ltr'>peruersitas!</span> <span class='ocrx_word' id='word_1_192' title='bbox 1184 2761 1282 2827; x_wconf 90' lang='lat' dir='ltr'>etiam</span> <span class='ocrx_word' id='word_1_193' title='bbox 1312 2765 1407 2845; x_wconf 83' lang='lat' dir='ltr'>uulgo</span> 
     </span>
     <span class='ocr_line' id='line_1_23' title="bbox 281 2867 1410 2950; baseline -0.004 -15"><span class='ocrx_word' id='word_1_194' title='bbox 281 2868 402 2936; x_wconf 88' lang='lat' dir='ltr'>dictum</span> <span class='ocrx_word' id='word_1_195' title='bbox 425 2869 481 2947; x_wconf 86' lang='grc'>011,</span> <span class='ocrx_word' id='word_1_196' title='bbox 505 2884 613 2932; x_wconf 88' lang='lat' dir='ltr'>omncs</span> <span class='ocrx_word' id='word_1_197' title='bbox 636 2867 697 2933; x_wconf 89' lang='lat' dir='ltr'>sibi</span> <span class='ocrx_word' id='word_1_198' title='bbox 719 2870 831 2932; x_wconf 91' lang='lat' dir='ltr'>melius</span> <span class='ocrx_word' id='word_1_199' title='bbox 855 2868 937 2933; x_wconf 90' lang='lat' dir='ltr'>uelle</span> <span class='ocrx_word' id='word_1_200' title='bbox 959 2887 1052 2950; x_wconf 86' lang='lat' dir='ltr'>quam</span> <span class='ocrx_word' id='word_1_201' title='bbox 1076 2867 1180 2933; x_wconf 86' lang='lat' dir='ltr'>alteri.</span> <span class='ocrx_word' id='word_1_202' title='bbox 1212 2885 1330 2932; x_wconf 91' lang='lat' dir='ltr'>nouum</span> <span class='ocrx_word' id='word_1_203' title='bbox 1352 2867 1410 2931; x_wconf 91' lang='lat' dir='ltr'>hoc</span> 
     </span>
     <span class='ocr_line' id='line_1_24' title="bbox 279 2969 1412 3056; baseline -0.001 -22"><span class='ocrx_word' id='word_1_204' title='bbox 279 2971 413 3036; x_wconf 89' lang='lat' dir='ltr'>monstri</span> <span class='ocrx_word' id='word_1_205' title='bbox 436 2989 534 3054; x_wconf 82' lang='lat' dir='ltr'>genus</span> <span class='ocrx_word' id='word_1_206' title='bbox 558 2971 607 3035; x_wconf 91' lang='lat' dir='ltr'>est</span> <span class='ocrx_word' id='word_1_207' title='bbox 630 2971 760 3036; x_wconf 86' lang='lat' dir='ltr'>cuilibet</span> <span class='ocrx_word' id='word_1_208' title='bbox 784 2989 971 3056; x_wconf 87' lang='lat' dir='ltr'>quemquam</span> <span class='ocrx_word' id='word_1_209' title='bbox 993 2971 1076 3035; x_wconf 90' lang='lat' dir='ltr'>uelle</span> <span class='ocrx_word' id='word_1_210' title='bbox 1099 2969 1258 3036; x_wconf 89' lang='lat' dir='ltr'>consulere</span> <span class='ocrx_word' id='word_1_211' title='bbox 1282 2971 1412 3034; x_wconf 90' lang='lat' dir='ltr'>tantum</span> 
     </span>
    </p>

    <p class='ocr_par' dir='ltr' id='par_1_5' title="bbox 231 3073 1447 3676">
     <span class='ocr_line' id='line_1_25' title="bbox 231 3073 1412 3160; baseline -0.003 -20"><span class='ocrx_word' id='word_1_212' title='bbox 231 3085 318 3151; x_wconf 88' lang='lat' dir='ltr'>13ne</span> <span class='ocrx_word' id='word_1_213' title='bbox 352 3074 422 3140; x_wconf 89' lang='lat' dir='ltr'>sibi.</span> <span class='ocrx_word' id='word_1_214' title='bbox 462 3093 532 3140; x_wconf 91' lang='lat' dir='ltr'>ecce</span> <span class='ocrx_word' id='word_1_215' title='bbox 564 3073 667 3140; x_wconf 86' lang='lat' dir='ltr'>iturus</span> <span class='ocrx_word' id='word_1_216' title='bbox 696 3093 738 3160; x_wconf 78' lang='grc'>01,</span> <span class='ocrx_word' id='word_1_217' title='bbox 771 3073 988 3141; x_wconf 85' lang='lat' dir='ltr'>infelicissime</span> <span class='ocrx_word' id='word_1_218' title='bbox 1021 3073 1172 3155; x_wconf 90' lang='lat' dir='ltr'>omnium,</span> <span class='ocrx_word' id='word_1_219' title='bbox 1208 3073 1247 3137; x_wconf 89' lang='lat' dir='ltr'>ad</span> <span class='ocrx_word' id='word_1_220' title='bbox 1281 3091 1412 3137; x_wconf 87' lang='lat' dir='ltr'>examen</span> 
     </span>
     <span class='ocr_line' id='line_1_26' title="bbox 281 3176 1447 3259; baseline 0 -17"><span class='ocrx_word' id='word_1_221' title='bbox 281 3196 404 3243; x_wconf 90' lang='lat' dir='ltr'>sacrum</span> <span class='ocrx_word' id='word_1_222' title='bbox 434 3176 474 3242; x_wconf 91' lang='lat' dir='ltr'>ad</span> <span class='ocrx_word' id='word_1_223' title='bbox 502 3178 701 3243; x_wconf 88' lang='lat' dir='ltr'>tremendum</span> <span class='ocrx_word' id='word_1_224' title='bbox 728 3178 808 3245; x_wconf 91' lang='lat' dir='ltr'>illud</span> <span class='ocrx_word' id='word_1_225' title='bbox 836 3177 1129 3259; x_wconf 90' lang='lat' dir='ltr'>intolerandumque</span> <span class='ocrx_word' id='word_1_226' title='bbox 1162 3177 1324 3254; x_wconf 89' lang='lat' dir='ltr'>iudicium,</span> <span class='ocrx_word' id='word_1_227' title='bbox 1358 3177 1447 3243; x_wconf 76' lang='lat' dir='ltr'>ubire</span> 
     </span>
     <span class='ocr_line' id='line_1_27' title="bbox 281 3280 1412 3365; baseline -0.002 -19"><span class='ocrx_word' id='word_1_228' title='bbox 281 3281 494 3364; x_wconf 84' lang='lat' dir='ltr'>peregrinanti</span> <span class='ocrx_word' id='word_1_229' title='bbox 524 3281 647 3346; x_wconf 89' lang='lat' dir='ltr'>animae</span> <span class='ocrx_word' id='word_1_230' title='bbox 675 3282 769 3365; x_wconf 85' lang='lat' dir='ltr'>alque</span> <span class='ocrx_word' id='word_1_231' title='bbox 792 3283 899 3346; x_wconf 84' lang='lat' dir='ltr'>anxiae</span> <span class='ocrx_word' id='word_1_232' title='bbox 921 3281 1045 3345; x_wconf 92' lang='lat' dir='ltr'>nullum</span> <span class='ocrx_word' id='word_1_233' title='bbox 1069 3283 1174 3363; x_wconf 90' lang='lat' dir='ltr'>potest</span> <span class='ocrx_word' id='word_1_234' title='bbox 1197 3280 1321 3344; x_wconf 89' lang='lat' dir='ltr'>omnino</span> <span class='ocrx_word' id='word_1_235' title='bbox 1344 3300 1412 3345; x_wconf 92' lang='lat' dir='ltr'>esse</span> 
     </span>
     <span class='ocr_line' id='line_1_28' title="bbox 280 3382 1414 3456; baseline -0.002 -4"><span class='ocrx_word' id='word_1_236' title='bbox 280 3385 432 3452; x_wconf 90' lang='lat' dir='ltr'>solacium</span> <span class='ocrx_word' id='word_1_237' title='bbox 465 3383 525 3449; x_wconf 87' lang='lat' dir='ltr'>nisi</span> <span class='ocrx_word' id='word_1_238' title='bbox 559 3387 625 3450; x_wconf 90' lang='lat' dir='ltr'>sola</span> <span class='ocrx_word' id='word_1_239' title='bbox 658 3385 886 3456; x_wconf 63' lang='lat' dir='ltr'>tantummodo,</span> <span class='ocrx_word' id='word_1_240' title='bbox 909 3383 992 3449; x_wconf 87' lang='lat' dir='ltr'>bona</span> <span class='ocrx_word' id='word_1_241' title='bbox 1027 3383 1219 3448; x_wconf 90' lang='lat' dir='ltr'>conscientia</span> <span class='ocrx_word' id='word_1_242' title='bbox 1250 3382 1312 3448; x_wconf 86' lang='lat' dir='ltr'>nisi</span> <span class='ocrx_word' id='word_1_243' title='bbox 1345 3384 1414 3450; x_wconf 86' lang='lat' dir='ltr'>sola</span> 
     </span>
     <span class='ocr_line' id='line_1_29' title="bbox 281 3485 1414 3571; baseline -0.004 -17"><span class='ocrx_word' id='word_1_244' title='bbox 281 3489 408 3555; x_wconf 86' lang='lat' dir='ltr'>tantum</span> <span class='ocrx_word' id='word_1_245' title='bbox 436 3488 584 3552; x_wconf 89' lang='lat' dir='ltr'>innocens</span> <span class='ocrx_word' id='word_1_246' title='bbox 613 3487 682 3554; x_wconf 92' lang='lat' dir='ltr'>uita</span> <span class='ocrx_word' id='word_1_247' title='bbox 711 3491 774 3570; x_wconf 88' lang='lat' dir='ltr'>aut,</span> <span class='ocrx_word' id='word_1_248' title='bbox 807 3487 888 3571; x_wconf 92' lang='lat' dir='ltr'>quod</span> <span class='ocrx_word' id='word_1_249' title='bbox 917 3487 1093 3570; x_wconf 85' lang='lat' dir='ltr'>proximum</span> <span class='ocrx_word' id='word_1_250' title='bbox 1124 3488 1171 3551; x_wconf 89' lang='lat' dir='ltr'>est</span> <span class='ocrx_word' id='word_1_251' title='bbox 1197 3489 1294 3552; x_wconf 83' lang='lat' dir='ltr'>bonae</span> <span class='ocrx_word' id='word_1_252' title='bbox 1316 3485 1414 3570; x_wconf 88' lang='lat' dir='ltr'>uitae,</span> 
     </span>
     <span class='ocr_line' id='line_1_30' title="bbox 282 3587 1415 3676; baseline 0 -20"><span class='ocrx_word' id='word_1_253' title='bbox 282 3591 504 3676; x_wconf 89' lang='lat' dir='ltr'>misericordia,</span> <span class='ocrx_word' id='word_1_254' title='bbox 535 3592 589 3656; x_wconf 86' lang='lat' dir='ltr'>ubi</span> <span class='ocrx_word' id='word_1_255' title='bbox 619 3611 670 3656; x_wconf 91' lang='grc'>100</span> <span class='ocrx_word' id='word_1_256' title='bbox 693 3592 812 3657; x_wconf 88' lang='lat' dir='ltr'>homini</span> <span class='ocrx_word' id='word_1_257' title='bbox 834 3592 957 3656; x_wconf 89' lang='lat' dir='ltr'>nullum</span> <span class='ocrx_word' id='word_1_258' title='bbox 980 3595 1028 3656; x_wconf 87' lang='grc'>001</span> <span class='ocrx_word' id='word_1_259' title='bbox 1050 3590 1242 3657; x_wconf 88' lang='lat' dir='ltr'>adiutorium</span> <span class='ocrx_word' id='word_1_260' title='bbox 1264 3589 1326 3654; x_wconf 89' lang='lat' dir='ltr'>nisi</span> <span class='ocrx_word' id='word_1_261' title='bbox 1349 3587 1415 3656; x_wconf 86' lang='lat' dir='ltr'>sola</span> 
     </span>
    </p>
   </div>
   <div class='ocr_carea' id='block_1_4' title="bbox 384 3795 797 3862">
    <p class='ocr_par' dir='ltr' id='par_1_6' title="bbox 384 3795 797 3862">
     <span class='ocr_line' id='line_1_31' title="bbox 384 3795 797 3862; baseline -0.002 -12"><span class='ocrx_word' id='word_1_262' title='bbox 384 3798 416 3851; x_wconf 80' lang='lat'>21</span> <span class='ocrx_word' id='word_1_263' title='bbox 439 3795 544 3850; x_wconf 85' lang='lat' dir='ltr'>Terent.</span> <span class='ocrx_word' id='word_1_264' title='bbox 562 3797 643 3852; x_wconf 85' lang='lat' dir='ltr'>Andr.</span> <span class='ocrx_word' id='word_1_265' title='bbox 662 3797 701 3862; x_wconf 86' lang='grc' dir='ltr'>Π,</span> <span class='ocrx_word' id='word_1_266' title='bbox 719 3797 743 3862; x_wconf 88' lang='lat'>5,</span> <span class='ocrx_word' id='word_1_267' title='bbox 763 3795 797 3851; x_wconf 88' lang='grc'>16</span> 
     </span>
    </p>
   </div>
   <div class='ocr_carea' id='block_1_5' title="bbox 283 3982 1416 4490">
    <p class='ocr_par' dir='ltr' id='par_1_7' title="bbox 283 3982 1416 4490">
     <span class='ocr_line' id='line_1_32' title="bbox 334 3982 1412 4054; baseline -0.005 -13"><span class='ocrx_word' id='word_1_268' title='bbox 334 3989 441 4042; x_wconf 84' lang='grc'>311111</span> <span class='ocrx_word' id='word_1_269' title='bbox 467 3987 494 4039; x_wconf 91' lang='lat' dir='ltr'><em>B</em></span> <span class='ocrx_word' id='word_1_270' title='bbox 598 3985 651 4054; x_wconf 90' lang='lat' dir='ltr'>his]</span> <span class='ocrx_word' id='word_1_271' title='bbox 675 3985 710 4038; x_wconf 87' lang='lat' dir='ltr'>iis</span> <span class='ocrx_word' id='word_1_272' title='bbox 733 3984 774 4040; x_wconf 85' lang='lat' dir='ltr'>cd.</span> <span class='ocrx_word' id='word_1_273' title='bbox 798 3984 936 4038; x_wconf 69' lang='lat' dir='ltr'>Boionius</span> <span class='ocrx_word' id='word_1_274' title='bbox 1040 3983 1056 4036; x_wconf 75' lang='lat'>7</span> <span class='ocrx_word' id='word_1_275' title='bbox 1079 3998 1130 4051; x_wconf 93' lang='lat' dir='ltr'>quo</span> <span class='ocrx_word' id='word_1_276' title='bbox 1150 3983 1193 4036; x_wconf 86' lang='lat' dir='ltr'>A:</span> <span class='ocrx_word' id='word_1_277' title='bbox 1218 3982 1289 4052; x_wconf 88' lang='lat' dir='ltr'>quod</span> <span class='ocrx_word' id='word_1_278' title='bbox 1307 3998 1341 4036; x_wconf 79' lang='grc'>001</span> <span class='ocrx_word' id='word_1_279' title='bbox 1359 3998 1412 4052; x_wconf 88' lang='lat' dir='ltr'>quo</span> 
     </span>
     <span class='ocr_line' id='line_1_33' title="bbox 283 4067 1416 4139; baseline -0.004 -10"><span class='ocrx_word' id='word_1_280' title='bbox 283 4090 351 4130; x_wconf 75' lang='lat' dir='ltr'>corr.</span> <span class='ocrx_word' id='word_1_281' title='bbox 375 4077 447 4128; x_wconf 79' lang='lat' dir='ltr'>ra.2</span> <span class='ocrx_word' id='word_1_282' title='bbox 468 4073 497 4126; x_wconf 90' lang='lat' dir='ltr'><em>B</em></span> <span class='ocrx_word' id='word_1_283' title='bbox 606 4073 623 4126; x_wconf 90' lang='lat'>8</span> <span class='ocrx_word' id='word_1_284' title='bbox 646 4073 674 4124; x_wconf 91' lang='lat' dir='ltr'>in</span> <span class='ocrx_word' id='word_1_285' title='bbox 697 4071 752 4125; x_wconf 88' lang='lat' dir='ltr'>alia</span> <span class='ocrx_word' id='word_1_286' title='bbox 775 4085 827 4139; x_wconf 87' lang='lat' dir='ltr'>quo</span> <span class='ocrx_word' id='word_1_287' title='bbox 850 4071 891 4124; x_wconf 91' lang='lat' dir='ltr'>A:</span> <span class='ocrx_word' id='word_1_288' title='bbox 921 4070 950 4124; x_wconf 90' lang='grc'>11</span> <span class='ocrx_word' id='word_1_289' title='bbox 974 4069 1065 4137; x_wconf 86' lang='lat' dir='ltr'>aliquo</span> <span class='ocrx_word' id='word_1_290' title='bbox 1088 4068 1116 4121; x_wconf 88' lang='lat' dir='ltr'><em>B</em></span> <span class='ocrx_word' id='word_1_291' title='bbox 1144 4067 1174 4121; x_wconf 90' lang='lat' dir='ltr'>in</span> <span class='ocrx_word' id='word_1_292' title='bbox 1199 4067 1253 4121; x_wconf 86' lang='lat' dir='ltr'>alia</span> <span class='ocrx_word' id='word_1_293' title='bbox 1274 4067 1345 4137; x_wconf 85' lang='lat' dir='ltr'>quod</span> <span class='ocrx_word' id='word_1_294' title='bbox 1373 4069 1416 4124; x_wconf 84' lang='lat' dir='ltr'>ed.</span> 
     </span>
     <span class='ocr_line' id='line_1_34' title="bbox 284 4154 1416 4223; baseline -0.006 -7"><span class='ocrx_word' id='word_1_295' title='bbox 284 4161 421 4216; x_wconf 73' lang='lat' dir='ltr'>Betucius</span> <span class='ocrx_word' id='word_1_296' title='bbox 524 4159 556 4212; x_wconf 78' lang='lat'>17</span> <span class='ocrx_word' id='word_1_297' title='bbox 587 4160 690 4212; x_wconf 65' lang='lat' dir='ltr'>aestuas</span> <span class='ocrx_word' id='word_1_298' title='bbox 718 4173 788 4212; x_wconf 74' lang='grc'>01011.</span> <span class='ocrx_word' id='word_1_299' title='bbox 816 4173 832 4210; x_wconf 88' lang='lat' dir='ltr'>a</span> <span class='ocrx_word' id='word_1_300' title='bbox 857 4157 896 4210; x_wconf 80' lang='lat' dir='ltr'>ur.</span> <span class='ocrx_word' id='word_1_301' title='bbox 923 4156 950 4210; x_wconf 97' lang='lat' dir='ltr'><strong><em>A</em></strong></span> <span class='ocrx_word' id='word_1_302' title='bbox 1059 4155 1093 4208; x_wconf 88' lang='lat'>18</span> <span class='ocrx_word' id='word_1_303' title='bbox 1119 4169 1206 4207; x_wconf 88' lang='lat' dir='ltr'>rerum</span> <span class='ocrx_word' id='word_1_304' title='bbox 1233 4154 1416 4223; x_wconf 86' lang='lat' dir='ltr'>periturarum</span> 
     </span>
     <span class='ocr_line' id='line_1_35' title="bbox 283 4241 1345 4316; baseline -0.007 -15"><span class='ocrx_word' id='word_1_305' title='bbox 283 4248 340 4316; x_wconf 85' lang='lat' dir='ltr'>ipse</span> <span class='ocrx_word' id='word_1_306' title='bbox 364 4249 392 4300; x_wconf 89' lang='grc'>10</span> <span class='ocrx_word' id='word_1_307' title='bbox 416 4245 456 4302; x_wconf 80' lang='lat' dir='ltr'>eo.</span> <span class='ocrx_word' id='word_1_308' title='bbox 475 4246 611 4301; x_wconf 79' lang='lat' dir='ltr'>Botoza&#39;ae</span> <span class='ocrx_word' id='word_1_309' title='bbox 629 4243 681 4312; x_wconf 83' lang='lat' dir='ltr'>(cd.</span> <span class='ocrx_word' id='word_1_310' title='bbox 700 4247 728 4312; x_wconf 76' lang='lat'>4)</span> <span class='ocrx_word' id='word_1_311' title='bbox 832 4244 911 4297; x_wconf 88' lang='lat' dir='ltr'>times</span> <span class='ocrx_word' id='word_1_312' title='bbox 939 4257 973 4296; x_wconf 80' lang='lat' dir='ltr'>ea</span> <span class='ocrx_word' id='word_1_313' title='bbox 998 4241 1075 4294; x_wconf 87' lang='lat' dir='ltr'>timis</span> <span class='ocrx_word' id='word_1_314' title='bbox 1101 4256 1170 4295; x_wconf 77' lang='lat' dir='ltr'>corr.</span> <span class='ocrx_word' id='word_1_315' title='bbox 1193 4244 1264 4295; x_wconf 62' lang='lat' dir='ltr'>aad</span> <span class='ocrx_word' id='word_1_316' title='bbox 1289 4241 1345 4294; x_wconf 91' lang='lat' dir='ltr'>AB</span> 
     </span>
     <span class='ocr_line' id='line_1_36' title="bbox 285 4327 1416 4401; baseline -0.004 -14"><span class='ocrx_word' id='word_1_317' title='bbox 285 4333 319 4388; x_wconf 87' lang='lat'>19</span> <span class='ocrx_word' id='word_1_318' title='bbox 341 4333 510 4401; x_wconf 88' lang='lat' dir='ltr'>dereliqueris</span> <span class='ocrx_word' id='word_1_319' title='bbox 533 4331 561 4384; x_wconf 89' lang='grc' dir='ltr'><em>Β</em></span> <span class='ocrx_word' id='word_1_320' title='bbox 665 4329 699 4384; x_wconf 81' lang='lat'>25</span> <span class='ocrx_word' id='word_1_321' title='bbox 721 4329 958 4398; x_wconf 83' lang='lat' dir='ltr'>intollerandumq.</span> <span class='ocrx_word' id='word_1_322' title='bbox 975 4343 1046 4382; x_wconf 83' lang='lat' dir='ltr'>cros.</span> <span class='ocrx_word' id='word_1_323' title='bbox 1065 4327 1112 4382; x_wconf 80' lang='lat' dir='ltr'>ott.</span> <span class='ocrx_word' id='word_1_324' title='bbox 1132 4327 1141 4380; x_wconf 96' lang='lat' dir='ltr'>l</span> <span class='ocrx_word' id='word_1_325' title='bbox 1159 4327 1186 4379; x_wconf 93' lang='lat' dir='ltr'><strong><em>A</em></strong></span> <span class='ocrx_word' id='word_1_326' title='bbox 1288 4327 1323 4381; x_wconf 80' lang='lat'>26</span> <span class='ocrx_word' id='word_1_327' title='bbox 1340 4343 1416 4396; x_wconf 89' lang='lat' dir='ltr'>pere-</span> 
     </span>
     <span class='ocr_line' id='line_1_37' title="bbox 285 4417 463 4490; baseline -0.011 -18"><span class='ocrx_word' id='word_1_328' title='bbox 285 4417 418 4490; x_wconf 67' lang='lat' dir='ltr'>grainauti</span> <span class='ocrx_word' id='word_1_329' title='bbox 437 4418 463 4471; x_wconf 91' lang='lat' dir='ltr'><strong><em>A</em></strong></span> 
     </span>
    </p>
   </div>
   <div class='ocr_carea' id='block_1_6' title="bbox 0 0 1599 5092">
    <p class='ocr_par' dir='ltr' id='par_1_8' title="bbox 0 0 1599 5092">
     <span class='ocr_line' id='line_1_38' title="bbox 0 0 1599 5092; baseline 0 0"><span class='ocrx_word' id='word_1_330' title='bbox 0 0 1599 5092; x_wconf 95' lang='lat' dir='ltr'> </span> 
     </span>
    </p>
   </div>
  </div>
 </body>
</html>
