3172 5098
507 472 546 526 ad
563 473 741 528 eeclesiam
762 471 808 528 111
827 477 842 538 d
861 473 970 528 51-57.
1242 476 1304 543 287

173 684 249 731 non
272 664 470 742 estasim,
499 664 603 748 inqut
625 665 665 732 ad
688 665 781 730 doum
803 666 925 746 patrem
949 682 1050 730 sermo
1074 663 1208 742 diuinus,
1232 682 1305 728 non

174 768 295 834 estin
318 769 443 834 morto
472 768 539 850 qui
569 786 710 834 memor
738 769 792 836 sit
817 769 892 836 tui:
925 767 966 834 iu
987 765 1148 834 interno
1171 770 1305 833 autem

174 873 261 955 quis
297 871 560 938 confitebitur
596 871 699 936 tibi?
751 868 873 938 excludi
907 870 1032 954 penitus
1064 890 1085 935 a
1117 869 1359 936 confessionem

173 975 295 1058 peccati
318 977 512 1057 peccatorem
535 978 694 1042 mortuum
717 975 912 1056 protestatur
935 993 991 1040 nec
1008 991 1098 1058 posse
1114 992 1178 1040 esse
1195 993 1306 1056 quom·

151 1097 269 1161 squam
290 1080 398 1161 postea
419 1078 468 1144 dei
490 1095 670 1156 memorem,
694 1077 748 1162 qui
770 1077 804 1145 in
826 1076 885 1146 hoo
907 1078 977 1144 uita
995 1077 1044 1142 sui
1066 1075 1162 1142 fuerit
1177 1076 1305 1142 oblitus.

173 1185 248 1248 adeo
277 1181 377 1246 omnis
400 1182 429 1246 ei
451 1199 520 1265 spes
550 1181 676 1264 ponitus
706 1179 881 1246 absciditur
905 1183 936 1248 et
959 1180 1061 1246 omnis
1087 1180 1172 1246 uitae
1201 1180 1309 1246 aditus

173 1287 344 1368 obseratur,
373 1286 419 1364 ut,
450 1304 521 1357 oum
552 1303 614 1353 una
643 1286 684 1350 sit
712 1300 763 1350 reo
792 1287 902 1352 salutis
930 1287 982 1351 uia
1010 1302 1115 1368 preces
1144 1284 1183 1350 ad
1212 1283 1306 1348 doum

174 1390 303 1455 fundere
326 1390 357 1453 ot
379 1389 544 1453 caelestem
567 1388 814 1456 misericordiam
837 1389 1067 1454 incessabiliter
1089 1406 1186 1465 orare,
1210 1386 1307 1452 otiam

174 1494 233 1561 hac
255 1496 398 1577 peccator
420 1492 562 1558 letiferae
586 1492 752 1559 obliuionis
776 1492 1047 1558 animaduersione
1070 1492 1246 1569 damnetur,
1270 1494 1307 1557 ut

136 1599 203 1665 roei
227 1615 283 1662 neo
306 1596 456 1662 memoria
478 1596 603 1678 quidem
623 1598 682 1676 dei,
707 1615 801 1679 aquo
816 1614 940 1680 sperare
955 1596 1077 1682 debeat,
1100 1595 1306 1678 relinquatur.

174 1701 252 1766 haec
274 1718 346 1784 orgo
370 1700 507 1784 cogitent
530 1700 592 1784 qui¹
613 1701 691 1770 dum
706 1700 787 1766 filios
809 1701 925 1766 habere
948 1712 1019 1786 post
1039 1701 1172 1766 mortem
1189 1699 1306 1765 diuites
1317 1697 1360 1764 56

175 1806 314 1888 cupiunt,
346 1805 524 1870 futurorum
555 1805 779 1888 suppliciorum
809 1805 920 1872 necin
945 1807 1046 1870 morte
1077 1803 1307 1869 meminerunt:

173 1909 251 1975 haec
279 1907 419 1992 cogitent
446 1908 510 1990 qui,
543 1911 580 1973 ut
608 1909 643 1972 in
674 1908 732 1974 hac
761 1908 877 1974 caduca
903 1908 936 1972 et
958 1910 1045 1976 breui
1078 1909 1145 1973 uita
1177 1908 1308 1973 heredes

174 2014 290 2079 diuites
319 2011 465 2091 habeant,
496 2015 623 2077 aeterna
646 2029 679 2078 se
701 2013 784 2095 ipsos
808 2015 908 2077 morte
932 2013 1151 2077 condemnant.
1191 2011 1308 2093 inquo

137 2117 299 2201 mquidem
322 2133 381 2182 non
405 2117 472 2185 tam
494 2116 564 2181 illos
588 2119 696 2180 amant
719 2135 812 2199 quarn
834 2135 867 2180 sc
890 2117 1031 2194 oderunt,
1060 2115 1133 2199 quia
1157 2135 1217 2181 non
1241 2119 1307 2180 tarn

174 2221 308 2286 salubris
341 2237 427 2284 amor
458 2221 517 2295 est,
551 2220 606 2305 qui
638 2217 728 2284 breui
759 2221 904 2296 consulit,
941 2237 1034 2305 quam
1063 2238 1158 2302 graue
1189 2221 1308 2301 odium,

175 2324 258 2406 quod
279 2323 313 2387 in
335 2323 520 2389 aeternitate
543 2321 706 2388 cruciabit.
738 2323 770 2386 ct
787 2323 857 2388 ideo
873 2322 950 2388 deus
966 2324 1080 2401 noster,
1103 2324 1143 2388 ut
1156 2325 1189 2388 in
1204 2325 1308 2404 primo

175 2427 295 2493 dudum
317 2425 425 2492 libello
449 2425 594 2502 diximus,
618 2425 817 2509 disciplinam
831 2429 977 2508 parentes
993 2426 1202 2492 thesaurizare
1217 2425 1309 2490 iubet

176 2530 252 2596 filiis
274 2549 337 2596 non
359 2531 532 2612 pecuniam,
563 2531 711 2613 perennia
733 2531 886 2613 praecipit
909 2548 970 2594 non
993 2530 1133 2613 peritura
1156 2530 1305 2595 conferre.

141 2634 298 2700 roscilicot
322 2636 394 2718 quia
417 2655 465 2700 res
488 2633 664 2700 istiusmodi
685 2634 778 2721 atquo
794 2653 870 2717 opus
886 2637 1032 2700 sanctum
1052 2637 1083 2698 ot
1101 2631 1173 2698 filiis
1189 2633 1309 2716 pariter

178 2739 211 2804 ot
225 2737 406 2822 parentibus
422 2739 563 2821 prosunt,
587 2737 663 2803 filiis
680 2741 787 2822 utiquo
802 2757 857 2822 por
873 2737 1058 2822 disciplinae
1073 2737 1308 2803 institutionem

177 2844 358 2924 parentibus
391 2862 445 2926 por
478 2842 709 2908 munificentiae
741 2841 933 2924 largitatem.
971 2846 1003 2907 at
1031 2840 1106 2908 liliis
1138 2841 1222 2906 enim
1249 2840 1309 2906 hoc

178 2946 347 3031 disciplina
361 2947 509 3028 praestat,
525 2949 562 3010 ut
577 2946 712 3010 salutem
728 2943 855 3026 capiant
868 2946 1062 3026 perpetuam,
1082 2945 1115 3009 et
1128 2942 1309 3026 parentibus

178 3050 321 3133 largitas,
344 3053 380 3114 ut
402 3051 535 3113 mortam
558 3047 709 3130 effugiant
730 3048 962 3130 sempiternam.

141 3195 184 3238 oc·
221 3171 312 3236 XIII.
344 3169 404 3237 Sed
427 3171 476 3237 oui
499 3171 573 3236 hacc
601 3169 736 3234 dicimus
759 3170 815 3234 aut
836 3187 891 3234 cur
914 3168 1072 3233 dicimus?
1106 3166 1161 3230 ubi
1183 3166 1359 3250 apertast?

178 3293 268 3354 aures
290 3275 346 3340 aut
368 3275 513 3340 uidentes
535 3276 638 3340 oculos
661 3273 802 3339 inuenire
825 3271 1023 3354 poterimus?
1047 3289 1174 3335 omnes
1197 3269 1307 3349 onim,

178 3381 215 3445 ut
237 3379 275 3444 de
304 3377 401 3460 inpiis
428 3378 573 3462 legimus,
608 3397 731 3460 paene
754 3394 886 3442 omnes
910 3374 1234 3457 declinatorum,
1258 3375 1310 3438 si·

177 3482 258 3547 mul
279 3481 451 3547 inutiles
473 3483 574 3548 facti
596 3484 706 3557 sunt;
737 3497 811 3544 non
834 3479 981 3561 estqui
1004 3478 1308 3562 faciatbonum‚

177 3603 249 3652 non
283 3589 342 3651 cst
375 3603 497 3668 paene
529 3603 651 3672 usquo
686 3587 727 3649 ad
761 3602 886 3650 unum.
925 3601 1006 3648 noua
1036 3581 1148 3664 quippe
1171 3579 1309 3646 amentia

140 3679 245 3754 aotam
268 3689 439 3756 saeculares
464 3707 556 3772 quam
581 3689 677 3756 etiam
703 3688 852 3771 quosdam
875 3687 1062 3767 religionem
1083 3684 1235 3770 professos
1258 3683 1308 3768 in-

178 3794 273 3861 cessit
300 3794 450 3859 homines.
489 3794 652 3877 siquidem,
683 3793 719 3857 ut
739 3793 859 3859 dudum
886 3791 990 3864 dicere
1012 3807 1220 3872 coeperamus,
1244 3786 1309 3856 iam

179 4013 182 4021 ·
283 3981 389 4038 lPsal.
407 3983 466 4048 6,ss
570 3983 602 4036 17
621 3978 753 4035 lib.121
856 3976 890 4032 26
908 3975 979 4034 Psal.
1000 3977 1075 4042 13,3

231 4154 246 4207 1
271 4153 343 4208 onim
367 4167 436 4209 eros.
459 4151 507 4208 ced
529 4152 572 4206 ito
593 4157 626 4207 ut
649 4151 704 4220 lepi
718 4151 806 4218 pocati
823 4151 851 4204 A
955 4151 972 4203 6
995 4147 1161 4204 abscinditur
1185 4147 1234 4204 ed..
1248 4145 1309 4200 Bo-

178 4241 272 4300 ionius
358 4238 374 4291 9
393 4237 537 4293 damnatur
555 4238 618 4302 AB,
636 4237 683 4290 ‘ou
697 4236 883 4293 anacoluthon
895 4233 962 4292 est?
981 4234 1110 4292 Halmius
1198 4232 1231 4288 lo
1245 4237 1310 4298 poet

177 4327 259 4394 prius
281 4329 380 4392 temp
402 4329 426 4378 et
449 4323 510 4380 add.
538 4329 603 4380 oute
625 4322 783 4381 Holmima:
811 4321 950 4380 heredibus
978 4318 1121 4376 consulunt
1147 4333 1227 4386 quum
1256 4315 1309 4373 sibi

179 4413 278 4467 obeunt
296 4426 348 4463 non
367 4413 424 4462 tarn
529 4408 562 4462 23
580 4409 671 4479 cupiat
690 4409 716 4463 B
