3134 5098
456 467 494 522 de
511 465 649 537 gubern.
666 464 718 522 dal
741 465 786 522 ΠΙ
804 469 819 532 5
839 464 950 522 28-31
1222 465 1265 532 53

140 657 313 726 Christiani
335 656 476 723 homines
497 674 560 723 non
582 653 730 720 iurarent.
768 654 874 738 plures
895 652 1048 738 inuenies,
1071 651 1125 737 qui
1147 655 1265 734 saepis·

140 760 218 827 sime
241 762 419 844 periment,
445 777 540 842 qnam
563 756 617 841 qni
639 758 764 824 omnino
786 777 847 824 non
869 757 984 824 iurent.
1020 757 1115 823 iussit
1136 774 1265 840 quoque,

139 866 175 930 ut
196 881 289 930 nemo
310 862 523 928 malediceret.
546 861 636 928 auius
657 880 719 927 non
742 880 844 929 sermo
865 861 1044 928 maledictio
1067 863 1139 926 est?
1165 861 1267 945 prima

140 968 228 1033 enim
257 985 381 1050 semper
410 967 529 1032 irarum
559 967 625 1032 tela
651 965 820 1032 maledictu
848 969 936 1045 sunt,
970 969 1002 1031 ot
1030 963 1177 1049 quioquid
1205 980 1267 1031 non

117 1088 304 1152 spossumue
331 1068 486 1134 imbecilli
516 1072 660 1150 optamus
687 1068 763 1135 irati
791 1087 829 1134 ac
858 1068 905 1136 uic
926 1069 959 1134 in
984 1068 1069 1134 omni
1091 1069 1267 1134 animorum

136 1172 374 1256 indignantium
395 1172 485 1238 motu
506 1172 591 1238 uotis
612 1171 705 1236 malis
726 1189 781 1255 pro
804 1170 901 1239 armis
916 1158 1044 1237 utimur.
1070 1171 1155 1236 unde
1168 1187 1267 1235 unus·

137 1275 273 1358 quisque
293 1276 458 1342 hominum
480 1275 715 1342 euidentissime
735 1274 864 1358 probat,
893 1274 1041 1358 quicquid
1068 1274 1135 1342 fieri
1155 1277 1267 1340 aduer-

135 1379 229 1444 sariis
252 1379 317 1444 suis
339 1379 436 1461 optat,
461 1379 565 1445 totum
588 1396 622 1443 se
640 1378 741 1445 facere
764 1378 844 1444 uelle
866 1380 893 1444 si
915 1377 1024 1460 possit.
1048 1377 1103 1444 sed
1118 1375 1266 1444 uidelicet
1275 1369 1317 1436 32

137 1481 214 1563 quia
242 1500 350 1548 omnes
383 1483 442 1548 hac
473 1483 676 1567 improbitate
707 1480 887 1566 linguarum
920 1481 1012 1548 facile
1044 1481 1178 1565 utimur,
1212 1478 1267 1563 qui

101 1607 127 1648 ro
136 1583 234 1650 iussis
257 1584 421 1651 dominicis
444 1602 507 1650 non
528 1587 794 1669 obtemperamus,
816 1585 933 1650 ideireo
957 1585 1054 1650 etium
1074 1583 1156 1666 apud
1171 1584 1266 1650 doum

135 1686 231 1754 facile
252 1689 313 1754 hoc
333 1689 481 1772 putamus
502 1707 577 1764 esse,
600 1690 654 1771 qui
675 1689 786 1754 iussit:
809 1687 1013 1767 maledici,
1035 1687 1139 1770 inquit
1162 1704 1264 1754 sermo

135 1791 275 1871 diuinus
298 1810 462 1876 regnum
483 1791 546 1856 dei
566 1809 642 1858 non
663 1791 936 1874 possidebunt.
959 1789 1032 1856 hinc
1050 1789 1265 1874 ergointslle-

134 1911 210 1976 gere
225 1911 400 1976 possumus,
416 1913 510 1978 qnam
524 1893 631 1978 grauis
646 1894 688 1960 sit
702 1896 734 1960 et
748 1894 919 1977 perniciosa
929 1893 1117 1978 maledictio,
1130 1894 1262 1979 quando,

134 1997 263 2063 etiamsi
297 1997 359 2063 alia
386 1997 469 2064 bona
500 1997 633 2076 fuerim,
663 1999 730 2064 sola
759 1998 896 2066 excludit
930 1998 1068 2064 acaelo.
1112 1998 1266 2064 inuidiam
1274 1993 1318 2061 33

101 2101 248 2184 reprooul
264 2119 328 2167 esse
344 2101 439 2166 iussit
453 2100 595 2168 omisca·
611 2120 630 2168 a
645 2101 746 2168 nobie.
763 2103 865 2167 atnoe
881 2121 897 2169 a
913 2102 1020 2168 contra
1034 2118 1096 2168 non
1111 2101 1266 2167 extraneis

134 2203 260 2268 tantum
286 2204 341 2269 sed
369 2203 465 2270 etiam
495 2205 643 2288 proximis
677 2205 872 2284 indidemne,
906 2223 963 2272 neo
992 2207 1095 2272 solum
1123 2204 1266 2272 inimicos

135 2309 188 2375 sed
212 2309 309 2373 etiam
332 2308 449 2375 amieos
471 2311 592 2375 nostros
621 2309 720 2374 liuore
743 2308 966 2392 perfundimus.
1003 2309 1080 2376 adeo
1108 2327 1203 2392 prope
1232 2308 1266 2376 in

136 2413 278 2476 omnium
307 2429 400 2477 sensu
423 2412 480 2476 hoc
501 2414 622 2478 malum
644 2415 772 2495 regnat,
801 2412 877 2478 adeo
907 2411 1060 2478 annuendi
1081 2410 1178 2477 libido
1201 2415 1265 2478 tor-

134 2513 258 2580 minum
286 2513 398 2597 habet‚
432 2514 617 2581 detrahendi
648 2514 746 2582 libido
774 2515 943 2582 terminum
970 2533 1032 2580 non
1053 2513 1163 2594 habet;
1192 2532 1265 2580 nam

101 2635 259 2700 asemper
282 2617 451 2683 admodum
474 2618 553 2697 cibo,
577 2637 749 2701 numquam
769 2617 961 2684 detractione
983 2619 1171 2685 saturamur.
1209 2613 1318 2686 sed34

133 2719 216 2785 leuis
251 2719 385 2786 forsitan
419 2740 518 2804 poena
550 2720 644 2788 istius
676 2721 755 2787 labis
790 2722 846 2786 ost.
891 2720 1130 2798 detrahens,
1162 2723 1266 2806 inquit

135 2823 294 2906 scriptura
316 2840 412 2902 sacra,
439 2824 725 2890 eradicabitur.
761 2824 867 2908 grauis
888 2824 1028 2908 profecto
1050 2826 1083 2890 et
1104 2826 1266 2892 tremenda

136 2926 381 2992 animaduersio:
403 2928 460 2992 sed
474 2927 582 2993 tamsn
596 2927 683 2994 nulla
698 2929 858 2994 correctio.
882 2927 1048 2994 dummodo
1064 2929 1148 2994 enim
1169 2947 1265 2994 unus·

135 3031 268 3112 quisque
289 3031 453 3096 hominum
475 3032 574 3098 alium
595 3032 730 3098 lacerare
753 3048 814 3096 non
837 3031 976 3111 desinat,
999 3031 1082 3097 tanti
1103 3033 1205 3116 putat,
1228 3033 1265 3096 ut

100 3133 232 3200 suetiam
258 3133 319 3198 eibi
340 3134 401 3217 ipsi
423 3153 485 3200 non
506 3133 620 3217 parcat
655 3135 709 3200 sed
731 3134 826 3218 digna
847 3134 940 3216 plane
961 3133 1040 3198 mali
1061 3134 1154 3200 istius
1173 3133 1264 3200 retri-

134 3236 225 3301 butio
255 3237 320 3313 est,
354 3255 432 3319 quae
462 3237 563 3304 solum
584 3238 781 3322 persequitur
801 3240 975 3316 auctorem
1004 3237 1053 3302 illi
1075 3236 1160 3302 enim
1182 3236 1264 3302 nihil

238 3422 268 3476 11
288 3422 303 3476 Ι
315 3421 374 3476 Cor.
387 3423 411 3488 6,
425 3421 459 3476 10
553 3423 587 3477 21
604 3422 684 3486 Rom,
696 3423 719 3489 1,
731 3422 767 3477 30
792 3422 868 3481 Psal.
881 3422 985 3488 139,12
1011 3421 1091 3477 Pron
1104 3423 1147 3488 21,
1159 3424 1195 3479 28

185 3590 203 3643 2
215 3591 379 3658 pertinerent
390 3592 418 3644 A
430 3595 490 3650 m.1
502 3593 551 3646 sed
562 3608 594 3648 m.
604 3595 622 3648 2
631 3597 730 3662 procot.
741 3593 755 3646 t
767 3598 793 3649 et
805 3609 818 3646 e
829 3593 934 3662 percult.
949 3598 975 3648 et
986 3607 1073 3662 sopra
1084 3609 1102 3646 n
1113 3609 1164 3649 scr.
1177 3610 1195 3648 u

132 3677 261 3732 3sermo
280 3692 334 3732 non
357 3678 386 3732 Β
487 3678 586 3734 41010
608 3679 709 3733 irarnrn
736 3679 764 3734 Β
868 3679 1000 3748 quidquid
1026 3680 1054 3735 Β
1157 3680 1263 3736 8ualle

132 3762 222 3818 facere
241 3763 269 3817 Β
363 3765 449 3834 possit
465 3765 497 3818 iro
514 3767 605 3834 posset
622 3766 651 3820 A
667 3767 828 3822 0001002.
933 3765 1059 3820 Somnos
1078 3782 1112 3822 ex
1130 3767 1217 3820 omnis
1235 3766 1264 3821 A

132 3864 203 3902 corr.
223 3851 296 3904 m.2
400 3850 504 3904 innon
523 3867 573 3906 ora
591 3851 619 3905 Β
722 3854 934 3921 optemperamus
951 3851 979 3906 A
1083 3853 1116 3907 15
1137 3851 1263 3908 Christus

132 3935 237 3989 00οΒ
339 3936 954 4006 atladAeede.scr.tlit.'m.2uell
1058 3937 1264 3994 16solumec

133 4019 218 4073 solam
236 4020 265 4074 A
282 4036 351 4075 corr.
363 4026 429 4077 m.2
526 4023 560 4078 18
577 4022 642 4077 adeo
660 4023 790 4078 Hortala'o
807 4028 964 4090 suspectam
981 4021 1097 4079 macor
1116 4024 1192 4092 (fort.
1210 4039 1264 4080 acr.

133 4108 239 4176 regnat,
257 4107 337 4176 atque
348 4107 429 4177 addo)
519 4109 554 4164 20
570 4109 767 4164 detractatione
785 4108 813 4162 A
905 4108 937 4163 21
956 4108 1072 4164 forsitan
1083 4108 1150 4162 lenis
1168 4107 1196 4163 Β

133 4198 204 4254 labis
220 4219 238 4256 0
256 4206 283 4256 et
300 4217 370 4258 corr.
389 4218 422 4258 ecc
439 4202 540 4259 laboris
558 4202 586 4258 Β
603 4219 637 4258 m.
655 4205 688 4258 2:
714 4203 801 4289 leuia?
820 4202 879 4272 (sio)
897 4202 927 4257 A
1027 4202 1063 4258 22
1086 4199 1205 4271 profecto
1228 4219 1265 4260 cac

133 4303 254 4372 profectu
280 4304 308 4358 A
334 4319 402 4360 corr.
426 4308 500 4362 002
606 4305 639 4362 23
665 4305 757 4360 anima
783 4305 906 4362 aduersio
932 4305 960 4359 A
984 4305 1032 4360 sed
1055 4304 1152 4374 priore
1180 4322 1196 4362 a
1222 4305 1265 4363 ls't.

131 4403 229 4466 peccat.
334 4397 488 4468 ‘ltipseB
590 4398 1017 4456 muliecmaIeAccrr.m.2
