3132 5096
489 465 526 518 (lo
543 463 680 533 gubern.
699 463 751 517 dei
774 461 813 518 VI
835 465 851 527 ἓ
869 462 979 518 21-33.
1236 463 1302 530 133'

168 656 299 738 uobis,
324 651 572 738 1111111111,
596 652 776 736 quoniam
798 651 965 718 flebitis.
1003 655 1051 717 et:
1081 651 1208 730 besti,
1231 653 1298 734 qui

170 757 301 838 fletis,
333 759 520 840 quoniam
549 755 754 822 ridebitis.
793 755 881 822 nobis
909 757 1016 822 artem
1043 755 1297 840 1111111311-

170 861 243 926 dere
266 878 327 927 11111
350 859 477 938 suffieit,
509 859 572 926 nisi
595 859 814 942 oum‘peeeeto
842 860 935 942 atque
963 859 996 924 in
1018 857 1141 923 insania
1163 860 1298 941 gaudea-

171 981 250 1041 mus,
275 963 335 1028 nisi
357 965 436 1028 risus
460 964 565 1029 noster
585 963 820 1046 impuritatibus
843 957 903 1028 nisi
924 960 1054 1046 flagitiis
1077 961 1254 1028 misoeotur.

146 1105 162 1147 e
213 1079 270 1150 Vl.
303 1083 477 1168 outrage,
506 1083 557 1150 hio
580 1100 662 1150 error
685 1083 742 1164 est,
773 1099 851 1168 quae
875 1080 1351 1164 1111111111111111111111111130

170 1187 232 1253 tari
254 1187 380 1254 assidue
403 1187 434 1252 et
455 1186 555 1252 ridere
570 1205 632 1252 non
655 1201 829 1269 possumus,
855 1184 915 1250 nisi
930 1184 1031 1250 risum
1046 1187 1187 1249 nostrum
1204 1185 1297 1266 etque

170 1289 325 1355 laetitiam
347 1291 448 1356 scelus
471 1309 537 1354 esse
556 1289 731 1355 faciamus?
754 1306 794 1354 an
809 1288 890 1355 forte
905 1287 1133 1354 infructuosum
1148 1288 1296 1370 putamus

169 1394 318 1476 gaudium
341 1393 470 1476 simplex
492 1409 549 1457 neo
572 1391 706 1458 delectat
724 1391 823 1456 ridere
838 1391 905 1456 sine
922 1391 1073 1456 erimine?
1097 1391 1187 1472 quoti,
1211 1405 1296 1472 rogo,

169 1496 228 1562 hoe
248 1497 367 1562 malum
392 1499 438 1560 est
462 1498 517 1559 aut
539 1497 592 1576 qui
621 1493 731 1559 furor?
768 1494 935 1573 rideamus,
965 1511 1091 1578 quaeso,
1125 1493 1298 1576 quemlibet

130 1599 407 1666 roinmensuratim
440 1598 594 1663 laetemur
628 1599 799 1679 quamlibet
838 1597 969 1682 iugiter,
1008 1598 1175 1664 dummodo
1208 1598 1298 1662 inno·

169 1705 283 1768 center.
322 1721 399 1785 quae
421 1701 567 1767 uecordia
589 1705 637 1765 est
660 1701 690 1765 et
713 1701 858 1778 amentia,
888 1704 923 1766 ut
946 1719 1006 1766 non
1029 1703 1176 1783 putemus
1199 1700 1297 1765 risum

168 1809 200 1870 et
222 1804 372 1889 gaudium
394 1803 476 1869 tenti
499 1821 577 1883 esse,
600 1804 662 1869 nisi
684 1803 717 1868 in
740 1823 773 1868 se
797 1803 847 1868 dei
870 1801 1017 1870 habuerit
1043 1804 1216 1868 iniuriam?
1248 1803 1297 1867 iu-

168 1909 284 1973 iuriam
320 1907 428 1990 utique
461 1911 493 1971 et
530 1909 655 1990 quidem
692 1907 872 1972 maximam.
918 1908 950 1972 in
987 1905 1174 1990 speetaoulis
1212 1907 1297 1971 enim
1308 1913 1347 1978 31

169 2011 359 2094 apostatatio
375 2011 526 2094 quaedam
542 2009 615 2076 fidei
632 2014 679 2075 est
696 2011 727 2076 et
743 2027 761 2075 a
777 2010 911 2094 symboli
932 2009 1033 2094 ipsius
1055 2012 1086 2075 et
1109 2011 1296 2076 caelestibus

128 2116 372 2180 msaoramentis
401 2115 506 2180 letalis
535 2111 770 2196 pmeuarieatio.
810 2132 888 2197 quae
911 2115 958 2178 est
981 2113 1120 2179 enimin
1142 2114 1296 2196 baptismo

167 2217 303 2284 salutari
325 2217 697 2299 Christianorum-prima
720 2215 895 2283 confessio?
934 2235 1013 2300 quae
1036 2218 1155 2284 scilieet
1178 2217 1238 2282 nisi
1260 2220 1297 2281 ut

167 2321 347 2388 renuntiare
380 2339 412 2387 se
448 2320 572 2387 diabolo
606 2337 642 2386 ae
673 2321 796 2403 pompis
831 2319 896 2385 eius
928 2321 962 2386 et
988 2319 1173 2402 speetaoulls
1202 2320 1296 2401 atque

168 2425 311 2509 operibus
333 2423 570 2508 protestentur?
594 2441 665 2506 ergo
688 2423 867 2506 speetaoula
882 2427 913 2488 et
936 2441 1066 2506 pompae
1088 2421 1185 2486 etiem
1208 2423 1296 2487 iuxta

167 2529 308 2593 nostram
337 2527 559 2608 professionem
590 2543 681 2610 opera
710 2525 784 2592 sunt
806 2525 933 2592 diaboli.
970 2528 1124 2609 quomodo
1144 2525 1253 2608 igitur,
1279 2531 1348 2597 032

125 2649 156 2690 vao
167 2629 354 2709 Christiane,
376 2631 555 2713 spectatula
577 2631 649 2711 post
662 2629 855 2714 baptismum
873 2630 1020 2713 sequeris,
1045 2645 1123 2713 quae
1138 2646 1214 2711 opus
1230 2648 1297 2694 esse

168 2732 287 2798 diaboli
321 2732 504 2798 eonfiterisl
538 2733 726 2800 renuntiasti
759 2734 856 2798 semel
890 2733 1012 2799 diabolo
1046 2734 1081 2798 et
1110 2731 1296 2815 speotoeulis

168 2837 246 2919 eius,
281 2853 317 2900 ao
346 2853 401 2918 per
430 2837 488 2902 hoe
513 2850 636 2902 neeesse
666 2840 715 2902 est
742 2834 780 2901 ut
800 2839 939 2920 prudens
961 2839 993 2902 et
1015 2836 1124 2922 solens,
1159 2837 1235 2902 dum
1258 2835 1298 2901 ad

167 2939 348 3022 speeteeula
368 2957 496 3018 remeas,
525 2941 566 3005 ad
595 2939 755 3005 diabolum
777 2941 809 3004 te
832 2941 932 3006 redire
953 2957 1132 3023 eognoseas.
1170 2938 1296 3021 utrique

167 3044 251 3107 enim
283 3043 328 3106 rei
361 3043 455 3108 simul
487 3043 677 3110 renuntiasti
701 3045 732 3109 et
755 3063 852 3109 unum
886 3046 1053 3126 utrumque
1081 3063 1148 3108 esse
1177 3043 1297 3111 dixisti.

122 3146 198 3210 essi
230 3147 268 3210 ad
300 3163 399 3211 unum
431 3148 605 3225 reuerteris,
643 3149 682 3212 ad
712 3148 881 3230 utrumque
918 3147 1073 3214 remeasti.
1110 3146 1297 3212 abrenuntio

168 3249 264 3328 enim,
287 3249 398 3331 inquis,
432 3249 553 3316 diabolo
582 3250 704 3333 pompis
726 3251 912 3332 speetaoulis
935 3255 967 3316 et
989 3251 1131 3334 operibus
1152 3251 1227 3316 eius.
1266 3251 1298 3316 et

167 3353 245 3435 quid
272 3356 404 3436 postea?
443 3355 543 3432 eredo,
575 3353 689 3436 inquis,
718 3355 751 3419 in
779 3355 873 3419 deum
900 3357 1022 3438 patrem
1037 3355 1297 3437 'omnipotentem

168 3457 257 3520 etin
279 3457 382 3522 Iesum
406 3456 566 3522 Christum
589 3457 691 3522 filium
714 3459 790 3522 eius.
830 3475 901 3542 ergo
933 3458 1071 3542 primum
1100 3458 1296 3522 renuntiatur

166 3557 291 3623 diabolo
309 3563 350 3625 ‘ut
372 3560 515 3625 credatur
538 3560 603 3638 deo,
634 3559 707 3643 quia
728 3561 782 3643 qui
805 3580 866 3627 nou
888 3563 1047 3629 renuntiat
1069 3559 1204 3642 diabolo,
1235 3565 1348 3630 nou33

221 3799 329 3866 totque
342 3798 448 3852 insania
460 3799 486 3852 Β
497 3804 529 3853 ui
541 3797 599 3854 wid.
612 3805 639 3854 ot
650 3815 712 3854 1111
723 3798 783 3856 orlei.
796 3793 929 3854 Halmius
1016 3801 1105 3870 liquis
1117 3801 1145 3854 Β
1159 3797 1296 3868 (1111111

158 3883 331 3954 paulopost
351 3887 399 3954 qui
415 3885 501 3950 furor)
605 3886 706 3940 laetare
732 3886 760 3939 A
863 3885 973 3955 Squid
999 3888 1027 3941 B
1132 3887 1164 3940 13
1190 3883 1297 3954 quidem

164 3967 329 4037 estquidam
346 3972 373 4026 A
392 3973 552 4028 1111112
657 3971 689 4026 14
713 3971 845 4040 apostotlo
868 3971 998 4041 quaedam
1021 3974 1061 4026 A:
1088 3971 1217 4042 quaedam
1236 3985 1297 4040 apo-

164 4055 282 4109 statatio
299 4056 327 4109 B
431 4055 546 4126 symboli
570 4058 626 4111 AB
649 4053 684 4124 cf.
703 4063 720 4122 §
738 4059 773 4113 33
790 4055 906 4127 symboli
924 4061 1090 4113 recrementa
1108 4055 1247 4126 (symbolis
1264 4056 1297 4110 io

164 4157 185 4196 v
203 4155 238 4195 err
254 4140 369 4210 symboli
392 4135 592 4206 truacones,
616 4143 692 4198 uude
714 4143 746 4196 io
763 4139 833 4197 11111.1
844 4149 909 4198 oute
927 4140 1073 4198 Helinium
1085 4141 1227 4210 poetae)

165 4227 200 4281 15
228 4227 331 4282 latialis
357 4229 405 4282 aeri
430 4245 515 4298 super
542 4245 558 4282 1
579 4231 676 4298 priore
703 4243 756 4286 aar.
782 4232 852 4284 m.2
875 4244 890 4283 o
914 4230 941 4283 A
1043 4227 1175 4282 babtismo
1201 4227 1229 4280 B

164 4313 201 4368 1'l
224 4317 306 4382 atque
329 4315 518 4384 exspectaoulis
537 4316 596 4384 (aio)
615 4318 642 4369 et
665 4313 788 4384 operibus
806 4315 834 4368 B
856 4317 988 4382 (11111111
1005 4311 1195 4382 erepeetaoulis
1213 4314 1298 4369 eiiam

161 4399 194 4452 A
212 4398 322 4454 sedeat
334 4415 364 4454 er
376 4400 477 4456 lineola
489 4401 584 4470 mesta)
687 4402 719 4457 19
731 4400 828 4472 igitur]
842 4417 904 4468 ergo
919 4402 946 4455 B
1044 4397 1077 4454 at
1096 4399 1182 4454 eredis
1200 4399 1228 4454 B
