3134 5098
404 1367 406 1372 Ι
526 1231 740 1330 nrnnn
779 1233 855 1330 rn.

169 1513 195 1578 Ι.
219 1513 305 1576 Bene
327 1511 439 1578 habet:
463 1510 548 1577 ieota
569 1514 643 1576 sunt
664 1511 869 1578 fundamenta
891 1511 991 1595 operis
1014 1512 1067 1596 pia
1091 1511 1281 1580 molitional

126 1615 227 1697 coepti
251 1628 281 1680 et
305 1615 404 1679 diuini
427 1614 523 1679 offitii
544 1633 647 1680 amoro
669 1614 820 1696 suseepti:
844 1615 876 1678 et
898 1614 967 1680 ideo
989 1633 1049 1681 noo
1072 1619 1147 1682 sunt
1169 1617 1253 1681 solu-

129 1715 184 1782 bili
205 1716 274 1782 luto
296 1717 399 1800 posita
420 1735 477 1782 neo
498 1717 663 1800 temporali
686 1717 789 1800 lapide
815 1718 995 1784 oonstruota
1017 1717 1071 1782 sed
1093 1735 1252 1785 saetarum
1341 1731 1343 1738 ’

107 1839 332 1904 responsorum
361 1819 552 1886 confectione
580 1820 686 1884 ualida
716 1825 747 1884 et
775 1819 875 1886 diuini
902 1820 1076 1903 magisterii
1104 1824 1171 1886 arte
1199 1820 1280 1884 tir-¹

127 1926 232 1990 mata:
256 1942 343 2005 quae,
368 1927 403 1987 ut
417 1924 483 2006 ipse
504 1925 537 1988 in
553 1923 714 2008 euangelio
737 1924 812 1988 deus
834 1923 920 2007 dicit,
944 1941 1002 1988 neo
1019 1924 1119 1990 uentis
1133 1927 1252 2007 possint

127 2026 303 2092 furentibus
331 2027 454 2092 oonouti
486 2045 544 2092 neo
576 2027 742 2092 adlunioue
771 2026 937 2092 fluminum
965 2027 1074 2093 subrui
1103 2045 1160 2092 neo
1181 2028 1253 2110 plu·

127 2131 253 2194 uiarum
274 2129 428 2196 infusione
443 2129 579 2195 dissolui.
608 2131 778 2196 rumonim
795 2148 871 2213 opus
895 2131 952 2195 hoo
965 2148 1079 2196 manus
1104 2129 1253 2212 quodom-

127 2232 217 2298 modo
242 2232 420 2298 diuinorum
441 2233 637 2298 uoluminum
659 2233 841 2298 instruxerit
862 2236 894 2298 et
916 2233 1098 2299 caelestium
1120 2233 1253 2314 seriptu-

98 2354 233 2400 orarum
245 2353 392 2419 eompago
405 2335 553 2414 solidarit,
566 2354 688 2401 neeesse
700 2339 747 2400 est
758 2339 826 2400 tam
838 2335 928 2400 firma
940 2335 1016 2400 haee
1026 2354 1081 2418 per
1092 2336 1253 2402 dominum

128 2439 232 2504 Iesum
254 2436 412 2503 christum
443 2455 507 2503 osse
530 2456 608 2521 quae
636 2439 831 2515 factasunt,
861 2457 953 2521 quam
982 2437 1073 2504 firma
1101 2438 1157 2502 illa
1179 2439 1252 2502 sunt

129 2559 203 2624 quae
227 2540 375 2606 feceruut.
420 2541 598 2606 aedifioinm
626 2541 731 2623 itaque
761 2540 819 2604 hoe
840 2542 985 2605 naturam
1015 2540 1116 2604 statue
1144 2541 1192 2604 sui
1214 2539 1252 2604 de

128 2642 224 2727 stirpe
253 2644 352 2708 sumit
380 2648 412 2708 et
434 2643 621 2710 labefaotari
648 2643 744 2708 saluis
766 2642 944 2710 auctoribus
966 2643 1030 2708 suis
1054 2660 1116 2708 non
1138 2643 1250 2724 potest.

129 2746 212 2812 sieut
235 2747 372 2812 enimin
395 2747 527 2812 terrenis
551 2745 699 2812 aedifioiis
722 2745 838 2811 deicere
856 2747 989 2828 parietes
1012 2745 1118 2813 nullus
1140 2747 1252 2827 potest,

99 2872 120 2911 u
128 2848 189 2914 nisi
220 2849 340 2932 lapides
370 2853 401 2914 et
423 2852 583 2916 caementa
609 2849 768 2934 deiooorit,
798 2849 843 2914 sio
872 2848 1047 2917 aedificium
1075 2853 1155 2931 quod
1178 2849 1260 2916 oon·'

128 2952 298 3017 struximus
322 2952 490 3018 dissoluere
514 2954 620 3018 nullus
642 2952 742 3029 ualet,
765 2953 824 3018 nisi
848 2953 897 3031 id,
921 2954 1002 3017 unde
1027 2953 1182 3016 struotum
1204 2955 1252 3018 est

129 3057 159 3119 et
174 3060 436 3131 consummatum,
455 3058 528 3121 ante
544 3055 737 3121 dissoluerit:
760 3057 841 3138 quod
857 3040 931 3137 (suia
946 3057 1129 3122 labefaotari
1143 3057 1253 3138 utique

128 3175 325 3239 nequaquam
347 3158 466 3240 potest,
495 3159 578 3224 recte
607 3159 703 3224 etiam
733 3157 863 3224 euobis
892 3159 1091 3226 incolumitas
1118 3156 1252 3248 aedifioii
1314 3235 1318 3241 ι

129 3261 352 3340 praesumitur,
382 3261 469 3329 ouius
498 3264 601 3328 status
630 3262 776 3328 subsidiis
804 3262 1033 3328 immortalibus
1066 3263 1252 3328 continetur.

100 3364 290 3443 requaeritur
311 3365 435 3447 itaque,
469 3383 540 3430 oum
565 3365 640 3430 haee
669 3364 716 3429 ita
742 3366 820 3444 sint,
851 3366 878 3428 ei
901 3367 1001 3428 totum
1031 3364 1111 3447 quod
1140 3365 1173 3430 in
1195 3363 1283 3430 hoo2

129 3467 243 3531 mundo
278 3469 326 3532 est
360 3485 433 3535 ouro
463 3472 494 3534 et
521 3467 731 3551 gubernaonio
761 3469 792 3533 et
820 3467 933 3534 iudicio
964 3467 1013 3532 dei
1042 3468 1163 3548 agitur,
1199 3485 1254 3532 our

231 3651 247 3704 6
265 3651 364 3706 Metth.
383 3652 406 3718 7,
425 3653 467 3710 25.

177 3823 195 3878 2
214 3823 287 3878 Bene
303 3823 386 3878 habet
402 3825 501 3892 optime
518 3825 648 3879 Halmius
666 3823 788 3879 meos.-
805 3823 937 3878 ‘imitatus
954 3829 994 3878 ert
1012 3823 1166 3879 Saluianus
1179 3821 1252 3874 Lao·

130 3909 249 3962 tutatum
273 3907 330 3963 dia.
356 3910 424 3964 Ioat.
447 3909 532 3964 VIII
552 3910 600 3978 qua*
619 3909 679 3978 ipse
696 3925 748 3964 soa
764 3911 879 3978 surrent
896 3926 931 3964 aar
953 3909 1007 3965 eo.
1021 3926 1053 3977 p.
1070 3909 1188 3971 ΗΜ,
1207 3909 1253 3959 14.-

18 4063 19 4068 ἵ
130 3991 193 4047 bene
211 3993 308 4048 habet:
335 3993 407 4049 iaota
431 3998 495 4048 sunt
513 3994 688 4049 fundamenta
706 3994 888 4049 defensionis:
914 4010 990 4050 nnus
1007 4009 1108 4050 nunrrr
1124 3994 1152 4047 A
1181 3991 1253 4046 Bane

18 4095 19 4102 ¹
130 4093 156 4132 sa
173 4095 217 4132 ras
235 4078 316 4134 habet
338 4079 366 4134 Β
468 4079 612 4140 tetrarte
636 4079 663 4134 Β
679 4085 748 4136 aaz
852 4079 1037 4136 'iatluuione
1059 4095 1135 4146 supr.
1153 4093 1170 4131 a
1187 4075 1252 4130 artri.

131 4167 192 4218 oa2
209 4163 249 4218 tt,
268 4162 291 4216 L
308 4164 336 4216 A
432 4165 450 4220 8
467 4180 533 4233 opus
550 4165 601 4220 hoo
619 4181 685 4234 opus
703 4167 731 4220 Β
828 4167 845 4220 9
863 4165 1021 4222 instruxerit
1038 4181 1072 4220 ea
1089 4165 1255 4218 instruxerat

132 4248 157 4300 A
173 4265 242 4306 corr.
260 4255 324 4304 nal
411 4251 443 4306 12
454 4253 581 4307 naturam
593 4268 640 4320 per
651 4253 779 4316 statusB
869 4253 903 4308 13
919 4254 1007 4306 sumet
1026 4252 1053 4306 B
1141 4251 1171 4304 15
1190 4249 1253 4320 nisi]

18 4321 20 4334 ’
132 4334 182 4388 nisi
204 4336 279 4405 prius
299 4337 328 4401 Β
433 4338 465 4392 18
488 4355 504 4391 a
527 4354 577 4394 om.
601 4338 628 4392 B
647 4341 715 4392 m.1
818 4338 852 4394 20
875 4339 931 4392 sint
948 4338 988 4402 ito
1005 4337 1033 4394 B
1136 4334 1186 4390 hoo
1207 4336 1255 4392 »uo

133 4422 171 4473 ast
193 4438 236 4475 *ra
254 4424 281 4475 et
298 4423 326 4475 A
429 4425 460 4477 21
480 4426 507 4478 et
524 4422 764 4481 iudico-mndioio
783 4439 833 4480 om.
852 4424 879 4479 Β
897 4440 931 4478 m.
950 4427 966 4478 1
