3134 5098
284 505 325 570 38
666 451 671 460 ·
771 495 924 550 Ssl'uiani

284 691 449 770 domini,
472 687 679 770 filiusqui
703 689 944 764 antenatus
969 684 1029 747 est
1050 683 1253 746 morietur.
1286 680 1411 762 praeter

283 813 415 879 poenam
447 795 574 859 acerbae
606 789 750 855 orbitatis
773 789 869 852 ctiam
891 786 975 851 huno
996 784 1070 850 addi
1092 783 1233 869 piissimo
1256 786 1338 866 patri
1359 782 1411 846 in-

283 899 445 964 tellectum
459 896 573 962 summi
589 893 733 978 supplicii
749 894 822 958 deus
838 891 949 966 uoluit,
973 892 1008 954 ut
1025 887 1224 953 dilectissimo
1240 887 1304 953 filio
1320 906 1412 952 causa

283 1002 392 1066 mortis
424 1003 511 1084 pater
540 1001 605 1081 ipse
640 995 784 1061 existeret
813 993 866 1075 qui
899 992 1033 1070 doleret,
1067 1009 1138 1056 eum
1171 991 1279 1072 utique
1301 992 1412 1055 natum

283 1123 319 1168 ex
342 1103 469 1168 crimine
492 1121 622 1184 puerum
647 1101 765 1166 crimen
787 1100 890 1181 ipsum
913 1097 1079 1174 occideret,
1103 1095 1183 1177 quod
1207 1098 1351 1160 creasset.
1433 1121 1448 1162 s

231 1247 271 1311 21
327 1239 366 1304 V.
391 1239 459 1305 Hoc
481 1256 554 1321 ergo
577 1238 714 1321 primum
738 1239 785 1301 est
802 1235 927 1300 diuinae
942 1233 1219 1299 animaduersionis
1242 1231 1411 1308 exordium,

282 1345 419 1428 primum
448 1342 555 1424 utique
583 1358 646 1405 non
675 1341 784 1405 solum.
831 1339 935 1403 secuta
963 1355 1098 1419 namque
1122 1337 1170 1400 est
1192 1354 1413 1400 aerumnarum

282 1446 458 1527 ingentium
491 1445 583 1528 longa
617 1445 712 1509 series
743 1444 836 1525 atque
866 1460 885 1506 a
914 1441 1005 1505 domo
1035 1441 1100 1505 6166
1129 1439 1212 1524 iugis
1243 1440 1413 1504 admodum

282 1549 437 1614 malorum
465 1547 653 1613 continuatio
682 1564 743 1610 non
775 1545 912 1609 66666611.
958 1543 1094 1608 Thamar
1118 1529 1274 1608 'Amnonis
1308 1542 1413 1606 furore

283 1651 507 1733 corrumpitur,
537 1650 662 1716 Amnon
690 1649 729 1714 ab
755 1647 915 1725 Absalone
943 1647 1115 1730 iuguletur.
1154 1646 1255 1712 scelus
1285 1645 1448 1727 quidemn

283 1753 400 1838 grande
430 1753 469 1818 ab
493 1771 554 1817 666
583 1753 681 1818 166166
712 1752 936 1827 committitur,
965 1752 1017 1814 sed
1045 1749 1133 1833 peius
1162 1748 1201 1813 ab
1224 1749 1285 1813 alio
1307 1748 1412 1813 uindi-

283 1861 380 1924 catur.
418 1859 498 1922 inter
531 1857 607 1922 haec
639 1855 742 1920 Dauid
778 1857 868 1937 pater
904 1853 1042 1918 16616666
1077 1852 1240 1935 utriusque
1273 1853 1410 1934 punitur.

282 1961 343 2025 duo
357 1960 415 2026 filii
430 1962 567 2044 peccant,
592 1961 645 2025 sed
660 1961 724 2024 tres
740 1959 872 2023 duorum
887 1957 1001 2022 scelere
1015 1958 1203 2041 perduntur;
1226 1957 1259 2020 in
1275 1955 1413 2021 Thamar

283 2064 365 2128 enim
388 2063 553 2148 uirginitas
577 2062 744 2137 amitt'tur‚
768 2063 801 2126 in
817 2063 960 2126 Amnone
977 2061 1071 2125 etiam
1086 2058 1255 2123 Absalonis
1278 2057 1412 2141 perditio

283 2167 418 2250 lugetur.
457 2169 488 2230 et
511 2167 636 2249 quidem
660 2165 779 2230 nescias
809 2182 901 2245 quem
924 2163 961 2227 de
983 2163 1057 2228 filiis
1081 2161 1199 2226 dnobus
1221 2163 1288 2228 tam
1310 2161 1412 2227 bonus
1422 2187 1446 2229 1⁵

283 2271 372 2353 pater
394 2270 521 2354 grauius
546 2269 706 2348 amiserit,
729 2268 821 2332 illum
845 2267 897 2350 qni
920 2285 1014 2331 manu
1037 2265 1143 2330 fratris
1167 2263 1357 2330 occisusest
1379 2263 1412 2327 in

231 2373 340 2444 221666
363 2373 496 2448 6666616,
521 2392 562 2437 66
583 2374 675 2438 illum
698 2371 752 2453 qui
775 2389 831 2436 666
853 2369 947 2453 periit
969 2370 1001 2433 in
1024 2369 1140 2433 futuro.
1164 2369 1227 2432 iarn
1243 2387 1316 2432 uero
1339 2366 1413 2430 hino

283 2475 372 2542 iuxta
394 2477 527 2541 uerbum
550 2477 600 2540 dei
622 2473 861 2540 inaestimabilis
884 2473 961 2537 mali
987 2473 1141 2538 cumulus.
1170 2473 1297 2536 insidias
1317 2471 1414 2536 diua

282 2579 346 2643 filio
369 2583 458 2660 pater
481 2579 615 2661 patitur,
647 2596 741 2660 regno
764 2578 892 2660 pellitur
915 2579 960 2650 et,
992 2595 1030 2641 ne
1057 2577 1233 2652 occidatur,
1262 2575 1413 2659 profugus

283 2681 431 2747 abscedit.
465 2683 617 2762 impurior
640 2681 759 2745 nescias
782 2699 821 2745 an
844 2680 1001 2745 cruentior
1023 2677 1118 2758 filius,
1142 2679 1216 2760 quia
1238 2677 1412 2742 interficere
1422 2707 1448 2748 20

282 2785 405 2866 patrem
428 2800 487 2847 non
510 2786 613 2864 potest
635 2782 812 2864 parricidio,
836 2783 941 2847 foedat
963 2783 1085 2846 incestu
1102 2784 1132 2845 et
1149 2781 1274 2862 quidem
1289 2781 1413 2845 incestu

282 2886 406 2970 praeter
429 2885 541 2950 incesti
556 2885 645 2950 nefas
661 2902 715 2966 per
733 2886 920 2950 industriam
936 2884 1155 2950 adcumulandi
1171 2885 1296 2948 sceleris
1320 2885 1412 2962 elato,

283 3008 354 3054 oum
379 2989 487 3071 utique
509 2987 640 3062 1661666,
664 2989 864 3070 quodetiam
887 2989 1007 3054 secreta
1031 2987 1240 3053 abominabile
1263 2986 1411 3070 facerent,

283 3098 463 3175 persecutor
485 3091 622 3174 parentis
646 3093 769 3175 publice
792 3092 995 3174 perpetrarit,
1023 3091 1143 3155 66111661
1166 3094 1201 3154 61
1223 3088 1412 3154 feralissimo

284 3195 413 3260 erimine
443 3213 502 3260 non
533 3198 621 3279 pater
644 3197 770 3260 tantum
799 3198 906 3261 absens
938 3195 1179 3272 deformaretur,
1208 3212 1302 3275 quam
1330 3192 1413 3258 66611
1422 3221 1450 3264 rs

230 3301 273 3368 23
284 3299 380 3362 etiam
402 3299 498 3363 161166
522 3300 604 3364 66116
626 3298 753 3380 publico
770 3298 968 3362 foedarentur
982 3297 1112 3362 incestu.
1136 3296 1200 3361 iam
1223 3299 1249 3362 si
1272 3297 1414 3362 addenda
1553 3291 1554 3304 ¹

284 3404 331 3466 661
347 3402 379 3465 61
394 3403 489 3482 ipsius
505 3402 597 3484 fugae
613 3401 718 3480 166166,
743 3402 833 3484 quale
849 3400 929 3464 illud
945 3400 1015 3479 fuit,
1040 3420 1111 3465 cum
1130 3401 1238 3465 tantus
1260 3419 1313 3464 rex
1329 3399 1412 3464 16611

283 3503 427 3584 neminie,
451 3505 572 3569 cunctis
587 3504 712 3587 regibus
741 3505 833 3569 altior
856 3507 971 3570 mundo
987 3504 1095 3583 maior,
1120 3522 1225 3568 omnes
1241 3504 1413 3570 admodum

283 3624 354 3672 suos
370 3624 442 3671 cum
457 3608 652 3691 paucissimis
668 3608 765 3673 666616
781 3607 912 3692 fugeret,
933 3607 967 3670 in
983 3607 1212 3688 comparatione
1226 3606 1346 3672 dudum
1361 3607 1410 3672 sui

385 3768 418 3822 10
442 3769 471 3822 II
489 3770 553 3838 Reg.
577 3771 609 3824 13

333 3914 489 3968 1661666.
513 3915 541 3968 Β
654 3916 810 3970 dedomo
829 3915 880 3968 seis
905 3914 1049 3969 admodum
1071 3914 1100 3968 A
1212 3915 1245 3970 lo
1271 3915 1412 3971 Amalune

280 4001 308 4055 A
413 4001 442 4055 ll
463 3999 537 4054 absos
554 4016 570 4054 6
588 4001 653 4056 add.
671 4003 704 4056 16
720 4018 770 4072 mp.
795 4017 846 4055 666
869 4017 887 4054 o
910 4001 1092 4066 Budenicum,
1116 4007 1148 4056 ct
1170 4001 1296 4055 6616161666
1325 4000 1412 4056 abono

280 4086 337 4140 AB
428 4086 475 4140 sed
486 4085 561 4156 peine
573 4091 664 4141 tamen
676 4088 704 4142 Β
720 4089 820 4157 (temen
833 4103 883 4142 om.
894 4087 924 4140 A
936 4087 1010 4156 qood
1021 4103 1079 4142 666
1091 4087 1184 4142 adnot.
1198 4087 1340 4157 Halmius)

282 4171 315 4225 12
342 4173 418 4238 pater
445 4171 534 4226 Dauid
562 4173 589 4226 Β
693 4173 727 4226 14
753 4173 912 4227 admittitur
934 4172 962 4227 Β
984 4178 1053 4226 661
1156 4173 1290 4228 Amnonee
1314 4174 1343 4227 A

282 4255 397 4326 1716166]
410 4259 473 4313 16616
485 4260 513 4313 Β
600 4259 634 4313 19
646 4259 766 4328 profugis
778 4259 807 4312 Β
898 4259 933 4313 24
944 4261 1111 4328 perpetraret
1123 4260 1150 4314 Β
1162 4260 1227 4326 fort.
1240 4260 1342 4314 6661166

281 4341 315 4396 26
339 4341 422 4412 66116]
446 4345 520 4399 urbis
539 4348 583 4414 (66.
601 4345 864 4416 Hierosolpmcrmn)
883 4344 1082 4400 Rbcasbosios
1184 4345 1217 4400 29
1238 4344 1411 4400 seruisHar·

278 4427 374 4483 16116666
402 4430 456 4482 6616
474 4431 530 4484 AB
547 4431 678 4486 Halmius
