<?xml version="1.0" encoding="UTF-8"?>
<!DOCTYPE html PUBLIC "-//W3C//DTD XHTML 1.0 Transitional//EN"
    "http://www.w3.org/TR/xhtml1/DTD/xhtml1-transitional.dtd">
<html xmlns="http://www.w3.org/1999/xhtml" xml:lang="en" lang="en">
 <head>
  <title>
</title>
<meta http-equiv="Content-Type" content="text/html;charset=utf-8" />
  <meta name='ocr-system' content='tesseract 3.04.00' />
  <meta name='ocr-capabilities' content='ocr_page ocr_carea ocr_par ocr_line ocrx_word'/>
</head>
<body>
  <div class='ocr_page' id='page_1' title='image "./corpusscriptoru07wissgoog_0194.png"; bbox 0 0 3178 5100; ppageno 0'>
   <div class='ocr_carea' id='block_1_1' title="bbox 498 511 1313 581">
    <p class='ocr_par' dir='ltr' id='par_1_1' title="bbox 498 511 1313 581">
     <span class='ocr_line' id='line_1_1' title="bbox 498 511 1313 581; baseline 0.013 -15"><span class='ocrx_word' id='word_1_1' title='bbox 498 512 535 566; x_wconf 86' lang='lat' dir='ltr'><strong>de</strong></span> <span class='ocrx_word' id='word_1_2' title='bbox 553 511 691 581; x_wconf 82' lang='lat' dir='ltr'><strong>gubern.</strong></span> <span class='ocrx_word' id='word_1_3' title='bbox 710 511 762 566; x_wconf 90' lang='lat' dir='ltr'><strong>dci</strong></span> <span class='ocrx_word' id='word_1_4' title='bbox 785 512 840 566; x_wconf 89' lang='lat' dir='ltr'><strong>VII</strong></span> <span class='ocrx_word' id='word_1_5' title='bbox 859 516 874 576; x_wconf 68' lang='grc' dir='ltr'>ξ</span> <span class='ocrx_word' id='word_1_6' title='bbox 891 512 1003 568; x_wconf 81' lang='grc'><strong>47-53.</strong></span> <span class='ocrx_word' id='word_1_7' title='bbox 1254 514 1313 578; x_wconf 80' lang='grc'><strong>171</strong></span> 
     </span>
    </p>
   </div>
   <div class='ocr_carea' id='block_1_2' title="bbox 139 696 1368 3371">
    <p class='ocr_par' dir='ltr' id='par_1_2' title="bbox 183 696 1368 1096">
     <span class='ocr_line' id='line_1_2' title="bbox 227 696 1368 784; baseline -0.005 -16"><span class='ocrx_word' id='word_1_8' title='bbox 227 701 300 768; x_wconf 88' lang='lat' dir='ltr'><strong>XII.</strong></span> <span class='ocrx_word' id='word_1_9' title='bbox 326 701 505 767; x_wconf 87' lang='lat' dir='ltr'><strong>ludicamnr</strong></span> <span class='ocrx_word' id='word_1_10' title='bbox 525 701 633 784; x_wconf 88' lang='lat' dir='ltr'><strong>itaque</strong></span> <span class='ocrx_word' id='word_1_11' title='bbox 649 705 745 769; x_wconf 89' lang='lat' dir='ltr'><strong>etiam</strong></span> <span class='ocrx_word' id='word_1_12' title='bbox 760 701 922 784; x_wconf 88' lang='lat' dir='ltr'><strong>praesente</strong></span> <span class='ocrx_word' id='word_1_13' title='bbox 936 700 1053 766; x_wconf 90' lang='lat' dir='ltr'><strong>iudicio</strong></span> <span class='ocrx_word' id='word_1_14' title='bbox 1075 722 1095 767; x_wconf 89' lang='lat' dir='ltr'><strong>a</strong></span> <span class='ocrx_word' id='word_1_15' title='bbox 1109 702 1175 778; x_wconf 91' lang='lat' dir='ltr'><strong>deo,</strong></span> <span class='ocrx_word' id='word_1_16' title='bbox 1199 702 1231 765; x_wconf 94' lang='lat' dir='ltr'><strong>et</strong></span> <span class='ocrx_word' id='word_1_17' title='bbox 1245 702 1314 766; x_wconf 92' lang='lat' dir='ltr'><strong>ideo</strong></span> <span class='ocrx_word' id='word_1_18' title='bbox 1325 696 1368 762; x_wconf 82' lang='lat'><strong>50</strong></span> 
     </span>
     <span class='ocr_line' id='line_1_3' title="bbox 186 803 1314 889; baseline 0 -19"><span class='ocrx_word' id='word_1_19' title='bbox 186 807 321 871; x_wconf 81' lang='lat' dir='ltr'><strong>excitata</strong></span> <span class='ocrx_word' id='word_1_20' title='bbox 343 809 391 871; x_wconf 85' lang='lat' dir='ltr'><strong>est</strong></span> <span class='ocrx_word' id='word_1_21' title='bbox 414 808 446 871; x_wconf 92' lang='lat' dir='ltr'><strong>in</strong></span> <span class='ocrx_word' id='word_1_22' title='bbox 461 807 629 889; x_wconf 85' lang='lat' dir='ltr'><strong>perniciem</strong></span> <span class='ocrx_word' id='word_1_23' title='bbox 647 825 681 870; x_wconf 85' lang='lat' dir='ltr'><strong>ao</strong></span> <span class='ocrx_word' id='word_1_24' title='bbox 696 807 830 872; x_wconf 77' lang='lat' dir='ltr'><strong>dedecus</strong></span> <span class='ocrx_word' id='word_1_25' title='bbox 846 807 989 870; x_wconf 85' lang='lat' dir='ltr'><strong>nostrum</strong></span> <span class='ocrx_word' id='word_1_26' title='bbox 1004 823 1080 888; x_wconf 89' lang='lat' dir='ltr'><strong>gens</strong></span> <span class='ocrx_word' id='word_1_27' title='bbox 1098 803 1314 885; x_wconf 81' lang='lat' dir='ltr'><strong>ignauissimo,</strong></span> 
     </span>
     <span class='ocr_line' id='line_1_4' title="bbox 185 907 1315 993; baseline -0.001 -20"><span class='ocrx_word' id='word_1_28' title='bbox 185 927 261 990; x_wconf 87' lang='lat' dir='ltr'><strong>quae</strong></span> <span class='ocrx_word' id='word_1_29' title='bbox 285 908 322 972; x_wconf 93' lang='lat' dir='ltr'><strong>de</strong></span> <span class='ocrx_word' id='word_1_30' title='bbox 352 908 419 974; x_wconf 91' lang='lat' dir='ltr'><strong>loco</strong></span> <span class='ocrx_word' id='word_1_31' title='bbox 447 911 486 974; x_wconf 89' lang='lat' dir='ltr'><strong>ad</strong></span> <span class='ocrx_word' id='word_1_32' title='bbox 516 912 619 975; x_wconf 90' lang='lat' dir='ltr'><strong>locum</strong></span> <span class='ocrx_word' id='word_1_33' title='bbox 641 928 772 993; x_wconf 86' lang='lat' dir='ltr'><strong>pergens</strong></span> <span class='ocrx_word' id='word_1_34' title='bbox 801 909 838 975; x_wconf 92' lang='lat' dir='ltr'><strong>de</strong></span> <span class='ocrx_word' id='word_1_35' title='bbox 867 907 943 974; x_wconf 88' lang='lat' dir='ltr'><strong>urbs</strong></span> <span class='ocrx_word' id='word_1_36' title='bbox 973 908 1005 972; x_wconf 92' lang='lat' dir='ltr'><strong>in</strong></span> <span class='ocrx_word' id='word_1_37' title='bbox 1029 907 1139 973; x_wconf 81' lang='lat' dir='ltr'><strong>urbem</strong></span> <span class='ocrx_word' id='word_1_38' title='bbox 1163 909 1315 974; x_wconf 88' lang='lat' dir='ltr'><strong>transiens</strong></span> 
     </span>
     <span class='ocr_line' id='line_1_5' title="bbox 183 1010 1316 1096; baseline -0.001 -19"><span class='ocrx_word' id='word_1_39' title='bbox 183 1012 330 1077; x_wconf 86' lang='lat' dir='ltr'><strong>uniuersa</strong></span> <span class='ocrx_word' id='word_1_40' title='bbox 352 1014 501 1079; x_wconf 87' lang='lat' dir='ltr'><strong>uastaret</strong></span> <span class='ocrx_word' id='word_1_41' title='bbox 535 1032 572 1079; x_wconf 88' lang='lat' dir='ltr'><strong>ao</strong></span> <span class='ocrx_word' id='word_1_42' title='bbox 586 1014 724 1096; x_wconf 91' lang='lat' dir='ltr'><strong>primum</strong></span> <span class='ocrx_word' id='word_1_43' title='bbox 748 1034 766 1080; x_wconf 91' lang='lat' dir='ltr'><strong>a</strong></span> <span class='ocrx_word' id='word_1_44' title='bbox 789 1015 854 1080; x_wconf 92' lang='lat' dir='ltr'><strong>solo</strong></span> <span class='ocrx_word' id='word_1_45' title='bbox 878 1014 980 1095; x_wconf 89' lang='lat' dir='ltr'><strong>patrio</strong></span> <span class='ocrx_word' id='word_1_46' title='bbox 1003 1011 1100 1077; x_wconf 85' lang='lat' dir='ltr'><strong>effusa</strong></span> <span class='ocrx_word' id='word_1_47' title='bbox 1121 1012 1169 1075; x_wconf 89' lang='lat' dir='ltr'><strong>est</strong></span> <span class='ocrx_word' id='word_1_48' title='bbox 1190 1014 1224 1077; x_wconf 93' lang='lat' dir='ltr'><strong>in</strong></span> <span class='ocrx_word' id='word_1_49' title='bbox 1240 1010 1316 1078; x_wconf 80' lang='lat' dir='ltr'><strong>Ger-</strong></span> 
     </span>
    </p>

    <p class='ocr_par' dir='ltr' id='par_1_3' title="bbox 139 1115 1364 3371">
     <span class='ocr_line' id='line_1_6' title="bbox 163 1115 1316 1200; baseline 0 -22"><span class='ocrx_word' id='word_1_50' title='bbox 163 1117 321 1182; x_wconf 81' lang='lat' dir='ltr'><strong>smaniam</strong></span> <span class='ocrx_word' id='word_1_51' title='bbox 344 1117 529 1200; x_wconf 83' lang='lat' dir='ltr'><strong>proximam,</strong></span> <span class='ocrx_word' id='word_1_52' title='bbox 553 1119 678 1183; x_wconf 90' lang='lat' dir='ltr'><strong>nomine</strong></span> <span class='ocrx_word' id='word_1_53' title='bbox 702 1117 869 1182; x_wconf 88' lang='lat' dir='ltr'><strong>barbaram</strong></span> <span class='ocrx_word' id='word_1_54' title='bbox 893 1115 1014 1180; x_wconf 87' lang='lat' dir='ltr'><strong>dicione</strong></span> <span class='ocrx_word' id='word_1_55' title='bbox 1029 1117 1220 1180; x_wconf 76' lang='lat' dir='ltr'>Romanam:</span> <span class='ocrx_word' id='word_1_56' title='bbox 1243 1115 1316 1197; x_wconf 88' lang='lat' dir='ltr'><strong>post</strong></span> 
     </span>
     <span class='ocr_line' id='line_1_7' title="bbox 183 1217 1315 1304; baseline -0.004 -19"><span class='ocrx_word' id='word_1_57' title='bbox 183 1219 270 1285; x_wconf 89' lang='lat' dir='ltr'><strong>cuius</strong></span> <span class='ocrx_word' id='word_1_58' title='bbox 293 1219 430 1304; x_wconf 89' lang='lat' dir='ltr'><strong>primum</strong></span> <span class='ocrx_word' id='word_1_59' title='bbox 453 1220 581 1286; x_wconf 81' lang='lat' dir='ltr'><strong>exitium</strong></span> <span class='ocrx_word' id='word_1_60' title='bbox 604 1222 682 1286; x_wconf 88' lang='lat' dir='ltr'><strong>arsit</strong></span> <span class='ocrx_word' id='word_1_61' title='bbox 697 1221 783 1300; x_wconf 87' lang='lat' dir='ltr'><strong>regio</strong></span> <span class='ocrx_word' id='word_1_62' title='bbox 799 1219 968 1303; x_wconf 78' lang='lat' dir='ltr'><strong>Belgarum</strong></span> <span class='ocrx_word' id='word_1_63' title='bbox 991 1217 1103 1283; x_wconf 90' lang='lat' dir='ltr'><strong>deinde</strong></span> <span class='ocrx_word' id='word_1_64' title='bbox 1124 1236 1197 1300; x_wconf 90' lang='lat' dir='ltr'><strong>opes</strong></span> <span class='ocrx_word' id='word_1_65' title='bbox 1215 1217 1315 1299; x_wconf 82' lang='lat' dir='ltr'><strong>Aqui-</strong></span> 
     </span>
     <span class='ocr_line' id='line_1_8' title="bbox 182 1320 1314 1406; baseline -0.004 -18"><span class='ocrx_word' id='word_1_66' title='bbox 182 1325 329 1390; x_wconf 84' lang='lat' dir='ltr'><strong>tanarum</strong></span> <span class='ocrx_word' id='word_1_67' title='bbox 352 1323 579 1390; x_wconf 77' lang='lat' dir='ltr'><strong>luxuriantium</strong></span> <span class='ocrx_word' id='word_1_68' title='bbox 602 1325 634 1390; x_wconf 93' lang='lat' dir='ltr'><strong>et</strong></span> <span class='ocrx_word' id='word_1_69' title='bbox 654 1327 726 1406; x_wconf 92' lang='lat' dir='ltr'><strong>post</strong></span> <span class='ocrx_word' id='word_1_70' title='bbox 748 1324 824 1390; x_wconf 90' lang='lat' dir='ltr'><strong>haec</strong></span> <span class='ocrx_word' id='word_1_71' title='bbox 844 1337 955 1404; x_wconf 90' lang='lat' dir='ltr'><strong>corpus</strong></span> <span class='ocrx_word' id='word_1_72' title='bbox 971 1320 1113 1386; x_wconf 90' lang='lat' dir='ltr'><strong>omnium</strong></span> <span class='ocrx_word' id='word_1_73' title='bbox 1128 1321 1314 1398; x_wconf 79' lang='lat' dir='ltr'><strong>Galliarum,</strong></span> 
     </span>
     <span class='ocr_line' id='line_1_9' title="bbox 182 1423 1313 1510; baseline -0.005 -18"><span class='ocrx_word' id='word_1_74' title='bbox 182 1427 236 1492; x_wconf 88' lang='lat' dir='ltr'><strong>sed</strong></span> <span class='ocrx_word' id='word_1_75' title='bbox 259 1427 414 1509; x_wconf 91' lang='lat' dir='ltr'><strong>paulatim</strong></span> <span class='ocrx_word' id='word_1_76' title='bbox 436 1427 469 1493; x_wconf 89' lang='lat' dir='ltr'><strong>id</strong></span> <span class='ocrx_word' id='word_1_77' title='bbox 490 1428 594 1510; x_wconf 91' lang='lat' dir='ltr'><strong>ipsum</strong></span> <span class='ocrx_word' id='word_1_78' title='bbox 624 1431 740 1505; x_wconf 85' lang='lat' dir='ltr'><strong>tamen,</strong></span> <span class='ocrx_word' id='word_1_79' title='bbox 771 1427 818 1510; x_wconf 86' lang='lat' dir='ltr'><strong>ut,</strong></span> <span class='ocrx_word' id='word_1_80' title='bbox 844 1425 919 1489; x_wconf 90' lang='lat' dir='ltr'><strong>dum</strong></span> <span class='ocrx_word' id='word_1_81' title='bbox 948 1441 1020 1507; x_wconf 87' lang='lat' dir='ltr'><strong>pars</strong></span> <span class='ocrx_word' id='word_1_82' title='bbox 1045 1425 1133 1490; x_wconf 89' lang='lat' dir='ltr'><strong>clade</strong></span> <span class='ocrx_word' id='word_1_83' title='bbox 1165 1423 1313 1504; x_wconf 81' lang='lat' dir='ltr'><strong>caeditur,</strong></span> 
     </span>
     <span class='ocr_line' id='line_1_10' title="bbox 180 1522 1364 1614; baseline -0.007 -19"><span class='ocrx_word' id='word_1_84' title='bbox 180 1549 251 1613; x_wconf 90' lang='lat' dir='ltr'><strong>pars</strong></span> <span class='ocrx_word' id='word_1_85' title='bbox 275 1533 414 1614; x_wconf 82' lang='lat' dir='ltr'><strong>exemplo</strong></span> <span class='ocrx_word' id='word_1_86' title='bbox 439 1531 665 1596; x_wconf 81' lang='lat' dir='ltr'><strong>emendaretur.</strong></span> <span class='ocrx_word' id='word_1_87' title='bbox 703 1531 757 1594; x_wconf 89' lang='lat' dir='ltr'><strong>sed</strong></span> <span class='ocrx_word' id='word_1_88' title='bbox 781 1529 834 1594; x_wconf 90' lang='lat' dir='ltr'><strong>ubi</strong></span> <span class='ocrx_word' id='word_1_89' title='bbox 858 1532 940 1610; x_wconf 90' lang='lat' dir='ltr'><strong>apud</strong></span> <span class='ocrx_word' id='word_1_90' title='bbox 969 1546 1024 1593; x_wconf 92' lang='lat' dir='ltr'><strong>nos</strong></span> <span class='ocrx_word' id='word_1_91' title='bbox 1056 1527 1233 1593; x_wconf 86' lang='lat' dir='ltr'><strong>emendatio</strong></span> <span class='ocrx_word' id='word_1_92' title='bbox 1260 1522 1364 1591; x_wconf 77' lang='lat' dir='ltr'><strong>curor</strong></span> 
     </span>
     <span class='ocr_line' id='line_1_11' title="bbox 147 1631 1314 1717; baseline -0.003 -19"><span class='ocrx_word' id='word_1_93' title='bbox 147 1650 259 1715; x_wconf 77' lang='lat' dir='ltr'><strong>requae</strong></span> <span class='ocrx_word' id='word_1_94' title='bbox 281 1653 351 1717; x_wconf 89' lang='lat' dir='ltr'><strong>pars</strong></span> <span class='ocrx_word' id='word_1_95' title='bbox 374 1634 505 1699; x_wconf 88' lang='lat' dir='ltr'><strong>Romani</strong></span> <span class='ocrx_word' id='word_1_96' title='bbox 528 1635 610 1700; x_wconf 90' lang='lat' dir='ltr'><strong>orbis</strong></span> <span class='ocrx_word' id='word_1_97' title='bbox 633 1633 779 1716; x_wconf 90' lang='lat' dir='ltr'><strong>quamuis</strong></span> <span class='ocrx_word' id='word_1_98' title='bbox 807 1631 927 1698; x_wconf 83' lang='lat' dir='ltr'><strong>afflicta</strong></span> <span class='ocrx_word' id='word_1_99' title='bbox 957 1632 1147 1716; x_wconf 78' lang='lat' dir='ltr'><strong>corrigitur?</strong></span> <span class='ocrx_word' id='word_1_100' title='bbox 1184 1649 1314 1696; x_wconf 89' lang='lat' dir='ltr'><strong>omnes</strong></span> 
     </span>
     <span class='ocr_line' id='line_1_12' title="bbox 182 1733 1313 1822; baseline -0.005 -20"><span class='ocrx_word' id='word_1_101' title='bbox 182 1738 302 1816; x_wconf 87' lang='lat' dir='ltr'><strong>onim,</strong></span> <span class='ocrx_word' id='word_1_102' title='bbox 340 1741 377 1802; x_wconf 91' lang='lat' dir='ltr'><strong>ut</strong></span> <span class='ocrx_word' id='word_1_103' title='bbox 414 1737 568 1822; x_wconf 86' lang='lat' dir='ltr'><strong>legimus,</strong></span> <span class='ocrx_word' id='word_1_104' title='bbox 606 1737 940 1814; x_wconf 86' lang='lat' dir='ltr'><strong>declinauerunt,</strong></span> <span class='ocrx_word' id='word_1_105' title='bbox 983 1734 1104 1799; x_wconf 90' lang='lat' dir='ltr'><strong>simul</strong></span> <span class='ocrx_word' id='word_1_106' title='bbox 1128 1733 1313 1809; x_wconf 78' lang='lat' dir='ltr'><strong>¹inutiles</strong></span> 
     </span>
     <span class='ocr_line' id='line_1_13' title="bbox 180 1837 1313 1924; baseline -0.004 -20"><span class='ocrx_word' id='word_1_107' title='bbox 180 1840 284 1906; x_wconf 89' lang='lat' dir='ltr'><strong>facti</strong></span> <span class='ocrx_word' id='word_1_108' title='bbox 309 1842 411 1906; x_wconf 93' lang='lat' dir='ltr'><strong>sunt.</strong></span> <span class='ocrx_word' id='word_1_109' title='bbox 434 1845 466 1906; x_wconf 88' lang='lat' dir='ltr'><strong>et</strong></span> <span class='ocrx_word' id='word_1_110' title='bbox 487 1842 556 1906; x_wconf 93' lang='lat' dir='ltr'><strong>ideo</strong></span> <span class='ocrx_word' id='word_1_111' title='bbox 578 1841 729 1924; x_wconf 87' lang='lat' dir='ltr'><strong>propheta</strong></span> <span class='ocrx_word' id='word_1_112' title='bbox 750 1840 790 1907; x_wconf 90' lang='lat' dir='ltr'><strong>ad</strong></span> <span class='ocrx_word' id='word_1_113' title='bbox 813 1839 906 1906; x_wconf 90' lang='lat' dir='ltr'><strong>deum</strong></span> <span class='ocrx_word' id='word_1_114' title='bbox 925 1839 1041 1904; x_wconf 88' lang='lat' dir='ltr'><strong>clamat</strong></span> <span class='ocrx_word' id='word_1_115' title='bbox 1065 1841 1097 1903; x_wconf 89' lang='lat' dir='ltr'><strong>ct</strong></span> <span class='ocrx_word' id='word_1_116' title='bbox 1111 1837 1207 1902; x_wconf 88' lang='lat' dir='ltr'><strong>dicit:</strong></span> <span class='ocrx_word' id='word_1_117' title='bbox 1230 1855 1313 1919; x_wconf 93' lang='lat' dir='ltr'><strong>per-</strong></span> 
     </span>
     <span class='ocr_line' id='line_1_14' title="bbox 180 1941 1313 2021; baseline -0.004 -13"><span class='ocrx_word' id='word_1_118' title='bbox 180 1943 351 2009; x_wconf 89' lang='lat' dir='ltr'><strong>cussisti</strong></span> <span class='ocrx_word' id='word_1_119' title='bbox 384 1961 447 2010; x_wconf 91' lang='lat' dir='ltr'><strong>eos</strong></span> <span class='ocrx_word' id='word_1_120' title='bbox 480 1945 518 2009; x_wconf 91' lang='lat' dir='ltr'><strong>et</strong></span> <span class='ocrx_word' id='word_1_121' title='bbox 550 1962 625 2009; x_wconf 91' lang='lat' dir='ltr'><strong>non</strong></span> <span class='ocrx_word' id='word_1_122' title='bbox 659 1944 896 2021; x_wconf 89' lang='lat' dir='ltr'><strong>doluerunt,</strong></span> <span class='ocrx_word' id='word_1_123' title='bbox 934 1941 1149 2008; x_wconf 89' lang='lat' dir='ltr'><strong>adtriuisti</strong></span> <span class='ocrx_word' id='word_1_124' title='bbox 1180 1959 1243 2006; x_wconf 90' lang='lat' dir='ltr'><strong>cos</strong></span> <span class='ocrx_word' id='word_1_125' title='bbox 1273 1943 1313 2005; x_wconf 89' lang='lat' dir='ltr'><strong>ct</strong></span> 
     </span>
     <span class='ocr_line' id='line_1_15' title="bbox 178 2045 1312 2130; baseline -0.002 -19"><span class='ocrx_word' id='word_1_126' title='bbox 178 2046 399 2112; x_wconf 87' lang='lat' dir='ltr'><strong>renuerunt</strong></span> <span class='ocrx_word' id='word_1_127' title='bbox 420 2049 600 2130; x_wconf 87' lang='lat' dir='ltr'><strong>accipere</strong></span> <span class='ocrx_word' id='word_1_128' title='bbox 622 2046 911 2130; x_wconf 76' lang='lat' dir='ltr'><strong>disciplinam:</strong></span> <span class='ocrx_word' id='word_1_129' title='bbox 936 2049 1235 2113; x_wconf 86' lang='lat' dir='ltr'><strong>indurauerunt</strong></span> <span class='ocrx_word' id='word_1_130' title='bbox 1257 2045 1312 2110; x_wconf 86' lang='lat' dir='ltr'><strong>fa·</strong></span> 
     </span>
     <span class='ocr_line' id='line_1_16' title="bbox 146 2149 1313 2233; baseline -0.002 -20"><span class='ocrx_word' id='word_1_131' title='bbox 146 2151 259 2215; x_wconf 79' lang='lat' dir='ltr'><strong>scias</strong></span> <span class='ocrx_word' id='word_1_132' title='bbox 284 2169 374 2215; x_wconf 89' lang='lat' dir='ltr'><strong>suas</strong></span> <span class='ocrx_word' id='word_1_133' title='bbox 398 2169 520 2233; x_wconf 88' lang='lat' dir='ltr'><strong>super</strong></span> <span class='ocrx_word' id='word_1_134' title='bbox 542 2154 694 2233; x_wconf 87' lang='lat' dir='ltr'><strong>petram</strong></span> <span class='ocrx_word' id='word_1_135' title='bbox 717 2153 755 2216; x_wconf 91' lang='lat' dir='ltr'><strong>et</strong></span> <span class='ocrx_word' id='word_1_136' title='bbox 778 2151 995 2215; x_wconf 89' lang='lat' dir='ltr'><strong>noluerunt</strong></span> <span class='ocrx_word' id='word_1_137' title='bbox 1017 2149 1177 2217; x_wconf 88' lang='lat' dir='ltr'><strong>reuerti.</strong></span> <span class='ocrx_word' id='word_1_138' title='bbox 1218 2167 1313 2231; x_wconf 89' lang='lat' dir='ltr'><strong>quam</strong></span> 
     </span>
     <span class='ocr_line' id='line_1_17' title="bbox 177 2252 1364 2336; baseline 0 -18"><span class='ocrx_word' id='word_1_139' title='bbox 177 2271 250 2318; x_wconf 88' lang='lat' dir='ltr'><strong>uere</strong></span> <span class='ocrx_word' id='word_1_140' title='bbox 273 2255 380 2319; x_wconf 90' lang='lat' dir='ltr'><strong>autem</strong></span> <span class='ocrx_word' id='word_1_141' title='bbox 403 2255 499 2318; x_wconf 90' lang='lat' dir='ltr'><strong>etiarn</strong></span> <span class='ocrx_word' id='word_1_142' title='bbox 521 2253 579 2319; x_wconf 87' lang='lat' dir='ltr'><strong>hoc</strong></span> <span class='ocrx_word' id='word_1_143' title='bbox 600 2253 635 2318; x_wconf 90' lang='lat' dir='ltr'><strong>in</strong></span> <span class='ocrx_word' id='word_1_144' title='bbox 657 2271 712 2318; x_wconf 91' lang='lat' dir='ltr'><strong>nos</strong></span> <span class='ocrx_word' id='word_1_145' title='bbox 736 2255 827 2318; x_wconf 85' lang='lat' dir='ltr'><strong>cadat</strong></span> <span class='ocrx_word' id='word_1_146' title='bbox 849 2271 900 2318; x_wconf 85' lang='lat' dir='ltr'><strong>res</strong></span> <span class='ocrx_word' id='word_1_147' title='bbox 923 2254 991 2336; x_wconf 90' lang='lat' dir='ltr'><strong>ipsa</strong></span> <span class='ocrx_word' id='word_1_148' title='bbox 1013 2252 1142 2319; x_wconf 88' lang='lat' dir='ltr'><strong>indicat.</strong></span> <span class='ocrx_word' id='word_1_149' title='bbox 1187 2255 1312 2318; x_wconf 89' lang='lat' dir='ltr'><strong>uastata</strong></span> <span class='ocrx_word' id='word_1_150' title='bbox 1322 2253 1364 2318; x_wconf 81' lang='lat'><strong>52</strong></span> 
     </span>
     <span class='ocr_line' id='line_1_18' title="bbox 177 2355 1310 2440; baseline 0 -20"><span class='ocrx_word' id='word_1_151' title='bbox 177 2359 224 2420; x_wconf 90' lang='lat' dir='ltr'><strong>cst</strong></span> <span class='ocrx_word' id='word_1_152' title='bbox 259 2355 313 2421; x_wconf 90' lang='lat' dir='ltr'><strong>diu</strong></span> <span class='ocrx_word' id='word_1_153' title='bbox 344 2355 465 2422; x_wconf 77' lang='lat' dir='ltr'><strong>Gallia:</strong></span> <span class='ocrx_word' id='word_1_154' title='bbox 501 2375 574 2440; x_wconf 88' lang='lat' dir='ltr'><strong>ergo</strong></span> <span class='ocrx_word' id='word_1_155' title='bbox 609 2357 774 2424; x_wconf 90' lang='lat' dir='ltr'><strong>emendata</strong></span> <span class='ocrx_word' id='word_1_156' title='bbox 806 2360 870 2440; x_wconf 87' lang='lat' dir='ltr'><strong>est,</strong></span> <span class='ocrx_word' id='word_1_157' title='bbox 905 2375 976 2421; x_wconf 88' lang='lat' dir='ltr'><strong>cnm</strong></span> <span class='ocrx_word' id='word_1_158' title='bbox 1011 2358 1044 2421; x_wconf 93' lang='lat' dir='ltr'><strong>in</strong></span> <span class='ocrx_word' id='word_1_159' title='bbox 1078 2355 1183 2421; x_wconf 90' lang='lat' dir='ltr'><strong>uicino</strong></span> <span class='ocrx_word' id='word_1_160' title='bbox 1217 2358 1310 2432; x_wconf 86' lang='lat' dir='ltr'><strong>esset,</strong></span> 
     </span>
     <span class='ocr_line' id='line_1_19' title="bbox 175 2457 1312 2544; baseline -0.004 -20"><span class='ocrx_word' id='word_1_161' title='bbox 175 2459 349 2542; x_wconf 75' lang='lat' dir='ltr'><strong>Hispania?</strong></span> <span class='ocrx_word' id='word_1_162' title='bbox 383 2479 439 2525; x_wconf 89' lang='lat' dir='ltr'><strong>nec</strong></span> <span class='ocrx_word' id='word_1_163' title='bbox 461 2460 616 2537; x_wconf 88' lang='lat' dir='ltr'><strong>inmerito,</strong></span> <span class='ocrx_word' id='word_1_164' title='bbox 641 2460 842 2544; x_wconf 89' lang='lat' dir='ltr'><strong>quianullus</strong></span> <span class='ocrx_word' id='word_1_165' title='bbox 865 2461 932 2526; x_wconf 90' lang='lat' dir='ltr'><strong>erat</strong></span> <span class='ocrx_word' id='word_1_166' title='bbox 955 2460 1079 2524; x_wconf 90' lang='lat' dir='ltr'><strong>omnino</strong></span> <span class='ocrx_word' id='word_1_167' title='bbox 1103 2459 1198 2525; x_wconf 90' lang='lat' dir='ltr'><strong>timor</strong></span> <span class='ocrx_word' id='word_1_168' title='bbox 1224 2457 1312 2523; x_wconf 86' lang='lat' dir='ltr'><strong>nulla</strong></span> 
     </span>
     <span class='ocr_line' id='line_1_20' title="bbox 176 2562 1310 2645; baseline -0.001 -18"><span class='ocrx_word' id='word_1_169' title='bbox 176 2563 341 2642; x_wconf 87' lang='lat' dir='ltr'><strong>correctio,</strong></span> <span class='ocrx_word' id='word_1_170' title='bbox 365 2562 509 2644; x_wconf 84' lang='lat' dir='ltr'><strong>flammis,</strong></span> <span class='ocrx_word' id='word_1_171' title='bbox 534 2564 646 2645; x_wconf 89' lang='lat' dir='ltr'><strong>quibus</strong></span> <span class='ocrx_word' id='word_1_172' title='bbox 672 2567 811 2628; x_wconf 86' lang='lat' dir='ltr'><strong>arserant</strong></span> <span class='ocrx_word' id='word_1_173' title='bbox 834 2563 930 2641; x_wconf 82' lang='lat' dir='ltr'><strong>Galli,</strong></span> <span class='ocrx_word' id='word_1_174' title='bbox 953 2562 1086 2645; x_wconf 87' lang='lat' dir='ltr'><strong>Hispani</strong></span> <span class='ocrx_word' id='word_1_175' title='bbox 1108 2563 1216 2628; x_wconf 88' lang='lat' dir='ltr'><strong>ardere</strong></span> <span class='ocrx_word' id='word_1_176' title='bbox 1240 2580 1310 2626; x_wconf 88' lang='lat' dir='ltr'><strong>ooc-</strong></span> 
     </span>
     <span class='ocr_line' id='line_1_21' title="bbox 142 2665 1310 2752; baseline 0 -20"><span class='ocrx_word' id='word_1_177' title='bbox 142 2669 296 2748; x_wconf 83' lang='lat' dir='ltr'><strong>sepemmt.</strong></span> <span class='ocrx_word' id='word_1_178' title='bbox 342 2666 376 2730; x_wconf 93' lang='lat' dir='ltr'><strong>in</strong></span> <span class='ocrx_word' id='word_1_179' title='bbox 398 2685 457 2750; x_wconf 91' lang='lat' dir='ltr'><strong>quo</strong></span> <span class='ocrx_word' id='word_1_180' title='bbox 479 2666 560 2732; x_wconf 92' lang='lat' dir='ltr'><strong>illud</strong></span> <span class='ocrx_word' id='word_1_181' title='bbox 583 2671 646 2747; x_wconf 90' lang='lat' dir='ltr'><strong>est,</strong></span> <span class='ocrx_word' id='word_1_182' title='bbox 676 2667 713 2733; x_wconf 90' lang='lat' dir='ltr'><strong>nt</strong></span> <span class='ocrx_word' id='word_1_183' title='bbox 741 2685 836 2752; x_wconf 86' lang='lat' dir='ltr'><strong>supra</strong></span> <span class='ocrx_word' id='word_1_184' title='bbox 865 2665 945 2748; x_wconf 83' lang='lat' dir='ltr'><strong>dixi,</strong></span> <span class='ocrx_word' id='word_1_185' title='bbox 977 2665 1254 2732; x_wconf 86' lang='lat' dir='ltr'><strong>sceleratissimum</strong></span> <span class='ocrx_word' id='word_1_186' title='bbox 1278 2672 1310 2732; x_wconf 94' lang='lat' dir='ltr'><strong>et</strong></span> 
     </span>
     <span class='ocr_line' id='line_1_22' title="bbox 175 2768 1309 2854; baseline 0.003 -21"><span class='ocrx_word' id='word_1_187' title='bbox 175 2768 408 2853; x_wconf 90' lang='lat' dir='ltr'><strong>grauissimum,</strong></span> <span class='ocrx_word' id='word_1_188' title='bbox 432 2769 513 2853; x_wconf 85' lang='lat' dir='ltr'><strong>quod</strong></span> <span class='ocrx_word' id='word_1_189' title='bbox 537 2788 608 2836; x_wconf 89' lang='lat' dir='ltr'><strong>cum</strong></span> <span class='ocrx_word' id='word_1_190' title='bbox 623 2771 766 2850; x_wconf 84' lang='lat' dir='ltr'><strong>arserint,</strong></span> <span class='ocrx_word' id='word_1_191' title='bbox 790 2776 826 2836; x_wconf 92' lang='lat' dir='ltr'><strong>ut</strong></span> <span class='ocrx_word' id='word_1_192' title='bbox 849 2771 894 2835; x_wconf 90' lang='lat' dir='ltr'><strong>ita</strong></span> <span class='ocrx_word' id='word_1_193' title='bbox 911 2771 1022 2854; x_wconf 86' lang='lat' dir='ltr'><strong>dicam,</strong></span> <span class='ocrx_word' id='word_1_194' title='bbox 1047 2769 1191 2836; x_wconf 86' lang='lat' dir='ltr'><strong>membra</strong></span> <span class='ocrx_word' id='word_1_195' title='bbox 1209 2771 1309 2836; x_wconf 90' lang='lat' dir='ltr'><strong>homi-</strong></span> 
     </span>
     <span class='ocr_line' id='line_1_23' title="bbox 174 2874 1309 2956; baseline 0.003 -21"><span class='ocrx_word' id='word_1_196' title='bbox 174 2889 250 2936; x_wconf 89' lang='lat' dir='ltr'><strong>num</strong></span> <span class='ocrx_word' id='word_1_197' title='bbox 273 2876 486 2956; x_wconf 86' lang='lat' dir='ltr'><strong>peccatorum,</strong></span> <span class='ocrx_word' id='word_1_198' title='bbox 518 2876 627 2939; x_wconf 90' lang='lat' dir='ltr'><strong>curata</strong></span> <span class='ocrx_word' id='word_1_199' title='bbox 649 2891 711 2938; x_wconf 87' lang='lat' dir='ltr'><strong>non</strong></span> <span class='ocrx_word' id='word_1_200' title='bbox 734 2877 809 2939; x_wconf 89' lang='lat' dir='ltr'><strong>sunt</strong></span> <span class='ocrx_word' id='word_1_201' title='bbox 830 2875 911 2939; x_wconf 85' lang='lat' dir='ltr'><strong>uitia</strong></span> <span class='ocrx_word' id='word_1_202' title='bbox 938 2875 1145 2956; x_wconf 88' lang='lat' dir='ltr'><strong>peccantium.</strong></span> <span class='ocrx_word' id='word_1_203' title='bbox 1185 2875 1217 2940; x_wconf 87' lang='lat' dir='ltr'><strong>et</strong></span> <span class='ocrx_word' id='word_1_204' title='bbox 1239 2874 1309 2940; x_wconf 94' lang='lat' dir='ltr'><strong>ideo</strong></span> 
     </span>
     <span class='ocr_line' id='line_1_24' title="bbox 174 2975 1309 3063; baseline 0.003 -24"><span class='ocrx_word' id='word_1_205' title='bbox 174 2975 353 3058; x_wconf 86' lang='lat' dir='ltr'><strong>compulsus</strong></span> <span class='ocrx_word' id='word_1_206' title='bbox 381 2978 429 3042; x_wconf 89' lang='lat' dir='ltr'><strong>eet</strong></span> <span class='ocrx_word' id='word_1_207' title='bbox 451 2977 635 3043; x_wconf 85' lang='lat' dir='ltr'><strong>criminibus</strong></span> <span class='ocrx_word' id='word_1_208' title='bbox 657 2979 774 3043; x_wconf 89' lang='lat' dir='ltr'><strong>nostris</strong></span> <span class='ocrx_word' id='word_1_209' title='bbox 797 2978 890 3063; x_wconf 87' lang='lat' dir='ltr'><strong>deus,</strong></span> <span class='ocrx_word' id='word_1_210' title='bbox 919 2981 955 3043; x_wconf 92' lang='lat' dir='ltr'><strong>ut</strong></span> <span class='ocrx_word' id='word_1_211' title='bbox 986 2978 1115 3044; x_wconf 86' lang='lat' dir='ltr'><strong>hostiles</strong></span> <span class='ocrx_word' id='word_1_212' title='bbox 1138 2980 1248 3062; x_wconf 83' lang='lat' dir='ltr'><strong>plagas</strong></span> <span class='ocrx_word' id='word_1_213' title='bbox 1271 2981 1309 3044; x_wconf 93' lang='lat' dir='ltr'><strong>de</strong></span> 
     </span>
     <span class='ocr_line' id='line_1_25' title="bbox 172 3079 1309 3164; baseline 0.004 -21"><span class='ocrx_word' id='word_1_214' title='bbox 172 3079 241 3144; x_wconf 93' lang='lat' dir='ltr'><strong>loco</strong></span> <span class='ocrx_word' id='word_1_215' title='bbox 262 3081 295 3144; x_wconf 91' lang='lat' dir='ltr'><strong>in</strong></span> <span class='ocrx_word' id='word_1_216' title='bbox 323 3079 427 3144; x_wconf 91' lang='lat' dir='ltr'><strong>locum</strong></span> <span class='ocrx_word' id='word_1_217' title='bbox 455 3082 492 3146; x_wconf 91' lang='lat' dir='ltr'><strong>de</strong></span> <span class='ocrx_word' id='word_1_218' title='bbox 521 3081 596 3145; x_wconf 89' lang='lat' dir='ltr'><strong>urbe</strong></span> <span class='ocrx_word' id='word_1_219' title='bbox 624 3081 658 3145; x_wconf 89' lang='lat' dir='ltr'><strong>in</strong></span> <span class='ocrx_word' id='word_1_220' title='bbox 681 3084 790 3146; x_wconf 90' lang='lat' dir='ltr'><strong>urbem</strong></span> <span class='ocrx_word' id='word_1_221' title='bbox 820 3084 979 3164; x_wconf 84' lang='lat' dir='ltr'><strong>spargeret</strong></span> <span class='ocrx_word' id='word_1_222' title='bbox 1010 3084 1043 3146; x_wconf 91' lang='lat' dir='ltr'><strong>et</strong></span> <span class='ocrx_word' id='word_1_223' title='bbox 1073 3082 1186 3148; x_wconf 81' lang='lat' dir='ltr'><strong>excitas</strong></span> <span class='ocrx_word' id='word_1_224' title='bbox 1211 3100 1309 3164; x_wconf 87' lang='lat' dir='ltr'><strong>paena</strong></span> 
     </span>
     <span class='ocr_line' id='line_1_26' title="bbox 139 3181 1307 3266; baseline 0.002 -18"><span class='ocrx_word' id='word_1_225' title='bbox 139 3182 212 3248; x_wconf 76' lang='lat' dir='ltr'><strong>aab</strong></span> <span class='ocrx_word' id='word_1_226' title='bbox 236 3181 358 3248; x_wconf 90' lang='lat' dir='ltr'><strong>ultimis</strong></span> <span class='ocrx_word' id='word_1_227' title='bbox 381 3183 483 3248; x_wconf 90' lang='lat' dir='ltr'><strong>terrae</strong></span> <span class='ocrx_word' id='word_1_228' title='bbox 505 3183 622 3248; x_wconf 90' lang='lat' dir='ltr'><strong>linibus</strong></span> <span class='ocrx_word' id='word_1_229' title='bbox 649 3185 761 3266; x_wconf 91' lang='lat' dir='ltr'><strong>gentes</strong></span> <span class='ocrx_word' id='word_1_230' title='bbox 793 3186 889 3249; x_wconf 90' lang='lat' dir='ltr'><strong>etiam</strong></span> <span class='ocrx_word' id='word_1_231' title='bbox 924 3185 1012 3249; x_wconf 86' lang='lat' dir='ltr'><strong>trans</strong></span> <span class='ocrx_word' id='word_1_232' title='bbox 1041 3203 1127 3250; x_wconf 89' lang='lat' dir='ltr'><strong>marc</strong></span> <span class='ocrx_word' id='word_1_233' title='bbox 1156 3186 1307 3265; x_wconf 87' lang='lat' dir='ltr'><strong>mitteret,</strong></span> 
     </span>
     <span class='ocr_line' id='line_1_27' title="bbox 172 3284 1360 3371; baseline 0.005 -22"><span class='ocrx_word' id='word_1_234' title='bbox 172 3303 253 3368; x_wconf 88' lang='lat' dir='ltr'><strong>quas</strong></span> <span class='ocrx_word' id='word_1_235' title='bbox 275 3284 426 3351; x_wconf 86' lang='lat' dir='ltr'><strong>Afrorum</strong></span> <span class='ocrx_word' id='word_1_236' title='bbox 449 3286 565 3352; x_wconf 87' lang='lat' dir='ltr'><strong>scelera</strong></span> <span class='ocrx_word' id='word_1_237' title='bbox 586 3287 745 3368; x_wconf 90' lang='lat' dir='ltr'><strong>punirent.</strong></span> <span class='ocrx_word' id='word_1_238' title='bbox 768 3286 963 3370; x_wconf 78' lang='lat' dir='ltr'><strong>quidecim?</strong></span> <span class='ocrx_word' id='word_1_239' title='bbox 986 3288 1140 3371; x_wconf 88' lang='lat' dir='ltr'><strong>numquid</strong></span> <span class='ocrx_word' id='word_1_240' title='bbox 1155 3287 1308 3354; x_wconf 89' lang='lat' dir='ltr'><strong>abductae</strong></span> <span class='ocrx_word' id='word_1_241' title='bbox 1318 3290 1360 3357; x_wconf 85' lang='lat'><strong>53</strong></span> 
     </span>
    </p>
   </div>
   <div class='ocr_carea' id='block_1_3' title="bbox 276 3487 970 3558">
    <p class='ocr_par' dir='ltr' id='par_1_4' title="bbox 276 3487 970 3558">
     <span class='ocr_line' id='line_1_28' title="bbox 276 3487 970 3558; baseline 0.007 -17"><span class='ocrx_word' id='word_1_242' title='bbox 276 3487 310 3541; x_wconf 91' lang='lat'><strong>10</strong></span> <span class='ocrx_word' id='word_1_243' title='bbox 338 3488 410 3543; x_wconf 88' lang='lat' dir='ltr'><strong>Psal.</strong></span> <span class='ocrx_word' id='word_1_244' title='bbox 429 3490 471 3558; x_wconf 86' lang='lat'><strong>13,</strong></span> <span class='ocrx_word' id='word_1_245' title='bbox 489 3491 514 3544; x_wconf 87' lang='lat'><strong>3.</strong></span> <span class='ocrx_word' id='word_1_246' title='bbox 542 3491 620 3557; x_wconf 61' lang='lat'><strong>524</strong></span> <span class='ocrx_word' id='word_1_247' title='bbox 725 3492 758 3545; x_wconf 79' lang='lat'><strong>12</strong></span> <span class='ocrx_word' id='word_1_248' title='bbox 775 3491 892 3547; x_wconf 81' lang='lat' dir='ltr'><strong>Hieram.</strong></span> <span class='ocrx_word' id='word_1_249' title='bbox 911 3493 970 3558; x_wconf 85' lang='lat'><strong>5‚3</strong></span> 
     </span>
    </p>
   </div>
   <div class='ocr_carea' id='block_1_4' title="bbox 165 3656 1305 4243">
    <p class='ocr_par' dir='ltr' id='par_1_5' title="bbox 165 3656 1305 4243">
     <span class='ocr_line' id='line_1_29' title="bbox 225 3656 1237 3733; baseline 0.008 -23"><span class='ocrx_word' id='word_1_250' title='bbox 225 3656 240 3709; x_wconf 94' lang='lat'>1</span> <span class='ocrx_word' id='word_1_251' title='bbox 262 3659 396 3726; x_wconf 84' lang='lat' dir='ltr'><strong>praesenti</strong></span> <span class='ocrx_word' id='word_1_252' title='bbox 420 3675 456 3714; x_wconf 78' lang='lat' dir='ltr'><strong>ea</strong></span> <span class='ocrx_word' id='word_1_253' title='bbox 478 3662 615 3729; x_wconf 83' lang='lat' dir='ltr'><strong>praesente</strong></span> <span class='ocrx_word' id='word_1_254' title='bbox 638 3662 666 3714; x_wconf 99' lang='lat' dir='ltr'><strong><em>A</em></strong></span> <span class='ocrx_word' id='word_1_255' title='bbox 688 3675 758 3716; x_wconf 85' lang='lat' dir='ltr'><strong>corr.</strong></span> <span class='ocrx_word' id='word_1_256' title='bbox 778 3667 852 3729; x_wconf 63' lang='lat' dir='ltr'><strong>ma</strong></span> <span class='ocrx_word' id='word_1_257' title='bbox 878 3663 949 3718; x_wconf 81' lang='lat' dir='ltr'><strong>idem</strong></span> <span class='ocrx_word' id='word_1_258' title='bbox 968 3669 1032 3732; x_wconf 78' lang='lat' dir='ltr'><strong>post</strong></span> <span class='ocrx_word' id='word_1_259' title='bbox 1054 3664 1237 3733; x_wconf 85' lang='lat' dir='ltr'><strong>imperniciem</strong></span> 
     </span>
     <span class='ocr_line' id='line_1_30' title="bbox 169 3740 1305 3816; baseline 0.009 -22"><span class='ocrx_word' id='word_1_260' title='bbox 169 3740 187 3794; x_wconf 82' lang='lat'>2</span> <span class='ocrx_word' id='word_1_261' title='bbox 206 3741 385 3810; x_wconf 81' lang='lat' dir='ltr'><strong>ignauissimo</strong></span> <span class='ocrx_word' id='word_1_262' title='bbox 402 3759 454 3801; x_wconf 89' lang='lat' dir='ltr'><strong>om.</strong></span> <span class='ocrx_word' id='word_1_263' title='bbox 473 3746 514 3800; x_wconf 84' lang='lat' dir='ltr'><strong>ed.</strong></span> <span class='ocrx_word' id='word_1_264' title='bbox 532 3746 691 3801; x_wconf 54' lang='lat' dir='ltr'><strong>&amp;tecuam</strong></span> <span class='ocrx_word' id='word_1_265' title='bbox 707 3753 733 3802; x_wconf 80' lang='lat' dir='ltr'><strong>at</strong></span> <span class='ocrx_word' id='word_1_266' title='bbox 749 3749 917 3816; x_wconf 77' lang='lat' dir='ltr'><strong>posteriores</strong></span> <span class='ocrx_word' id='word_1_267' title='bbox 927 3755 995 3804; x_wconf 31' lang='lat' dir='ltr'><strong>,aare</strong></span> <span class='ocrx_word' id='word_1_268' title='bbox 1008 3750 1151 3806; x_wconf 75' lang='lat' dir='ltr'><strong>Halmium</strong></span> <span class='ocrx_word' id='word_1_269' title='bbox 1241 3749 1258 3804; x_wconf 82' lang='lat'><strong>3</strong></span> <span class='ocrx_word' id='word_1_270' title='bbox 1275 3749 1305 3804; x_wconf 91' lang='lat' dir='ltr'><strong>in</strong></span> 
     </span>
     <span class='ocr_line' id='line_1_31' title="bbox 168 3827 1304 3906; baseline 0.007 -24"><span class='ocrx_word' id='word_1_271' title='bbox 168 3827 259 3883; x_wconf 90' lang='lat' dir='ltr'><strong>locum</strong></span> <span class='ocrx_word' id='word_1_272' title='bbox 286 3830 314 3884; x_wconf 93' lang='lat' dir='ltr'><em>B</em></span> <span class='ocrx_word' id='word_1_273' title='bbox 417 3832 450 3886; x_wconf 87' lang='lat' dir='ltr'><strong>dc</strong></span> <span class='ocrx_word' id='word_1_274' title='bbox 474 3833 565 3887; x_wconf 85' lang='lat' dir='ltr'><strong>orbem</strong></span> <span class='ocrx_word' id='word_1_275' title='bbox 587 3833 616 3886; x_wconf 91' lang='lat' dir='ltr'><em>B</em></span> <span class='ocrx_word' id='word_1_276' title='bbox 640 3832 684 3901; x_wconf 85' lang='lat' dir='ltr'><strong>(dc</strong></span> <span class='ocrx_word' id='word_1_277' title='bbox 702 3833 767 3889; x_wconf 83' lang='lat' dir='ltr'><strong>orbe</strong></span> <span class='ocrx_word' id='word_1_278' title='bbox 783 3837 813 3888; x_wconf 89' lang='lat' dir='ltr'><strong>in</strong></span> <span class='ocrx_word' id='word_1_279' title='bbox 829 3834 921 3890; x_wconf 89' lang='lat' dir='ltr'><strong>orbem</strong></span> <span class='ocrx_word' id='word_1_280' title='bbox 942 3837 1013 3904; x_wconf 72' lang='lat' dir='ltr'><strong>Tio)</strong></span> <span class='ocrx_word' id='word_1_281' title='bbox 1119 3837 1304 3906; x_wconf 84' lang='lat' dir='ltr'><strong>5pron&#39;mam</strong></span> 
     </span>
     <span class='ocr_line' id='line_1_32' title="bbox 167 3915 1305 3993; baseline 0.009 -25"><span class='ocrx_word' id='word_1_282' title='bbox 167 3915 338 3983; x_wconf 78' lang='lat' dir='ltr'><strong>scripsimus:</strong></span> <span class='ocrx_word' id='word_1_283' title='bbox 362 3917 530 3986; x_wconf 88' lang='lat' dir='ltr'><strong>prouinciam</strong></span> <span class='ocrx_word' id='word_1_284' title='bbox 547 3918 697 3974; x_wconf 70' lang='lat' dir='ltr'><strong>Hortalum</strong></span> <span class='ocrx_word' id='word_1_285' title='bbox 719 3921 833 3989; x_wconf 81' lang='lat' dir='ltr'><strong>primam</strong></span> <span class='ocrx_word' id='word_1_286' title='bbox 850 3922 1050 3978; x_wconf 81' lang='lat' dir='ltr'><strong>ABHclmr&#39;uc</strong></span> <span class='ocrx_word' id='word_1_287' title='bbox 1143 3924 1159 3977; x_wconf 80' lang='lat' dir='ltr'><strong>l</strong></span> <span class='ocrx_word' id='word_1_288' title='bbox 1177 3923 1251 3993; x_wconf 88' lang='lat' dir='ltr'><strong>haec]</strong></span> <span class='ocrx_word' id='word_1_289' title='bbox 1271 3923 1305 3978; x_wconf 81' lang='lat' dir='ltr'><strong>dc</strong></span> 
     </span>
     <span class='ocr_line' id='line_1_33' title="bbox 166 4001 1231 4079; baseline 0.008 -25"><span class='ocrx_word' id='word_1_290' title='bbox 166 4001 335 4068; x_wconf 73' lang='lat' dir='ltr'><strong>emulatione</strong></span> <span class='ocrx_word' id='word_1_291' title='bbox 351 4002 442 4057; x_wconf 79' lang='lat' dir='ltr'><strong>attera</strong></span> <span class='ocrx_word' id='word_1_292' title='bbox 459 4004 503 4058; x_wconf 72' lang='lat' dir='ltr'><strong>liic</strong></span> <span class='ocrx_word' id='word_1_293' title='bbox 520 4005 552 4060; x_wconf 78' lang='lat' dir='ltr'><strong>m</strong></span> <span class='ocrx_word' id='word_1_294' title='bbox 570 4021 587 4060; x_wconf 85' lang='lat' dir='ltr'><strong>a</strong></span> <span class='ocrx_word' id='word_1_295' title='bbox 605 4011 631 4060; x_wconf 79' lang='lat' dir='ltr'><strong>et</strong></span> <span class='ocrx_word' id='word_1_296' title='bbox 649 4005 690 4060; x_wconf 80' lang='lat' dir='ltr'><strong>ed.</strong></span> <span class='ocrx_word' id='word_1_297' title='bbox 705 4021 750 4074; x_wconf 83' lang='lat' dir='ltr'><strong>pr.</strong></span> <span class='ocrx_word' id='word_1_298' title='bbox 770 4007 853 4062; x_wconf 76' lang='lat' dir='ltr'><strong>obrem</strong></span> <span class='ocrx_word' id='word_1_299' title='bbox 869 4007 922 4074; x_wconf 75' lang='lat' dir='ltr'><strong>cfr.</strong></span> <span class='ocrx_word' id='word_1_300' title='bbox 938 4008 1089 4065; x_wconf 75' lang='lat' dir='ltr'><strong>Sita-Ber.</strong></span> <span class='ocrx_word' id='word_1_301' title='bbox 1104 4026 1135 4079; x_wconf 86' lang='lat' dir='ltr'><strong>p.</strong></span> <span class='ocrx_word' id='word_1_302' title='bbox 1147 4011 1180 4064; x_wconf 78' lang='lat'><strong>21</strong></span> <span class='ocrx_word' id='word_1_303' title='bbox 1190 4025 1231 4079; x_wconf 76' lang='lat' dir='ltr'><strong>sq,</strong></span> 
     </span>
     <span class='ocr_line' id='line_1_34' title="bbox 168 4084 1302 4150; baseline 0.011 -12"><span class='ocrx_word' id='word_1_304' title='bbox 168 4084 203 4140; x_wconf 93' lang='grc'><strong>10</strong></span> <span class='ocrx_word' id='word_1_305' title='bbox 221 4085 296 4140; x_wconf 88' lang='lat' dir='ltr'><strong>orbis</strong></span> <span class='ocrx_word' id='word_1_306' title='bbox 314 4103 348 4141; x_wconf 84' lang='lat' dir='ltr'><strong>cea</strong></span> <span class='ocrx_word' id='word_1_307' title='bbox 365 4088 440 4142; x_wconf 87' lang='lat' dir='ltr'><strong>urbis</strong></span> <span class='ocrx_word' id='word_1_308' title='bbox 458 4090 485 4143; x_wconf 91' lang='lat' dir='ltr'><strong><em>A</em></strong></span> <span class='ocrx_word' id='word_1_309' title='bbox 504 4105 572 4144; x_wconf 83' lang='lat' dir='ltr'><strong>corr.</strong></span> <span class='ocrx_word' id='word_1_310' title='bbox 590 4096 660 4146; x_wconf 87' lang='lat' dir='ltr'><strong>m.1</strong></span> <span class='ocrx_word' id='word_1_311' title='bbox 766 4093 797 4148; x_wconf 92' lang='lat'><strong>11</strong></span> <span class='ocrx_word' id='word_1_312' title='bbox 826 4092 1022 4150; x_wconf 87' lang='lat' dir='ltr'><strong>declinauerint</strong></span> <span class='ocrx_word' id='word_1_313' title='bbox 1049 4096 1077 4150; x_wconf 88' lang='lat' dir='ltr'><strong><em>B</em></strong></span> <span class='ocrx_word' id='word_1_314' title='bbox 1181 4096 1215 4150; x_wconf 79' lang='lat'><strong>14</strong></span> <span class='ocrx_word' id='word_1_315' title='bbox 1243 4112 1302 4150; x_wconf 87' lang='lat' dir='ltr'><strong>ren·</strong></span> 
     </span>
     <span class='ocr_line' id='line_1_35' title="bbox 165 4175 1234 4243; baseline 0.012 -19"><span class='ocrx_word' id='word_1_316' title='bbox 165 4176 287 4226; x_wconf 77' lang='lat' dir='ltr'><strong>puerunt</strong></span> <span class='ocrx_word' id='word_1_317' title='bbox 300 4175 398 4241; x_wconf 81' lang='lat' dir='ltr'><strong>priore</strong></span> <span class='ocrx_word' id='word_1_318' title='bbox 414 4191 433 4228; x_wconf 89' lang='lat' dir='ltr'><strong>n</strong></span> <span class='ocrx_word' id='word_1_319' title='bbox 447 4181 544 4243; x_wconf 76' lang='lat' dir='ltr'><strong>punct.</strong></span> <span class='ocrx_word' id='word_1_320' title='bbox 562 4177 589 4231; x_wconf 90' lang='lat' dir='ltr'><strong><em>A</em></strong></span> <span class='ocrx_word' id='word_1_321' title='bbox 686 4179 719 4233; x_wconf 81' lang='lat'><strong>15</strong></span> <span class='ocrx_word' id='word_1_322' title='bbox 736 4181 764 4234; x_wconf 87' lang='lat' dir='ltr'><strong>et</strong></span> <span class='ocrx_word' id='word_1_323' title='bbox 782 4193 833 4234; x_wconf 88' lang='lat' dir='ltr'><strong>om.</strong></span> <span class='ocrx_word' id='word_1_324' title='bbox 851 4183 879 4235; x_wconf 99' lang='lat' dir='ltr'><strong><em>A</em></strong></span> <span class='ocrx_word' id='word_1_325' title='bbox 975 4183 1009 4237; x_wconf 89' lang='grc'><strong>16</strong></span> <span class='ocrx_word' id='word_1_326' title='bbox 1026 4183 1055 4235; x_wconf 88' lang='lat' dir='ltr'><strong>in</strong></span> <span class='ocrx_word' id='word_1_327' title='bbox 1073 4198 1120 4236; x_wconf 90' lang='lat' dir='ltr'><strong>nos</strong></span> <span class='ocrx_word' id='word_1_328' title='bbox 1137 4180 1188 4236; x_wconf 89' lang='lat' dir='ltr'><strong>hoc</strong></span> <span class='ocrx_word' id='word_1_329' title='bbox 1205 4182 1234 4237; x_wconf 90' lang='lat' dir='ltr'><strong><em>B</em></strong></span> 
     </span>
    </p>
   </div>
   <div class='ocr_carea' id='block_1_5' title="bbox 166 4269 1302 4352">
    <p class='ocr_par' dir='ltr' id='par_1_6' title="bbox 166 4269 1302 4352">
     <span class='ocr_line' id='line_1_36' title="bbox 166 4269 1302 4352; baseline 0.012 -25"><span class='ocrx_word' id='word_1_330' title='bbox 166 4275 201 4328; x_wconf 77' lang='lat'><strong>17</strong></span> <span class='ocrx_word' id='word_1_331' title='bbox 220 4276 363 4330; x_wconf 88' lang='lat' dir='ltr'><strong>emendata</strong></span> <span class='ocrx_word' id='word_1_332' title='bbox 382 4282 412 4345; x_wconf 79' lang='lat' dir='ltr'><strong>(a.</strong></span> <span class='ocrx_word' id='word_1_333' title='bbox 431 4295 483 4336; x_wconf 83' lang='lat' dir='ltr'><strong>ser.</strong></span> <span class='ocrx_word' id='word_1_334' title='bbox 503 4283 569 4336; x_wconf 59' lang='lat' dir='ltr'><strong>nat</strong></span> <span class='ocrx_word' id='word_1_335' title='bbox 587 4269 663 4335; x_wconf 65' lang='lat' dir='ltr'><strong>li:</strong></span> <span class='ocrx_word' id='word_1_336' title='bbox 675 4287 738 4352; x_wconf 90' lang='lat' dir='ltr'><strong>non)</strong></span> <span class='ocrx_word' id='word_1_337' title='bbox 761 4286 803 4339; x_wconf 88' lang='lat' dir='ltr'><strong>est</strong></span> <span class='ocrx_word' id='word_1_338' title='bbox 825 4285 853 4339; x_wconf 91' lang='lat' dir='ltr'><strong><em>A</em></strong></span> <span class='ocrx_word' id='word_1_339' title='bbox 955 4287 990 4341; x_wconf 77' lang='lat'><strong>24</strong></span> <span class='ocrx_word' id='word_1_340' title='bbox 1013 4287 1045 4341; x_wconf 88' lang='lat' dir='ltr'><strong>de</strong></span> <span class='ocrx_word' id='word_1_341' title='bbox 1068 4286 1131 4340; x_wconf 88' lang='lat' dir='ltr'><strong>orbe</strong></span> <span class='ocrx_word' id='word_1_342' title='bbox 1155 4286 1184 4340; x_wconf 91' lang='lat' dir='ltr'><strong>iu</strong></span> <span class='ocrx_word' id='word_1_343' title='bbox 1211 4286 1302 4341; x_wconf 88' lang='lat' dir='ltr'><strong>orbem</strong></span> 
     </span>
    </p>
   </div>
   <div class='ocr_carea' id='block_1_6' title="bbox 162 4361 1301 4516">
    <p class='ocr_par' dir='ltr' id='par_1_7' title="bbox 162 4361 1301 4516">
     <span class='ocr_line' id='line_1_37' title="bbox 162 4361 1301 4516; baseline 0.012 -102"><span class='ocrx_word' id='word_1_344' title='bbox 162 4361 200 4516; x_wconf 32' lang='lat' dir='ltr'><strong>(B.</strong></span> <span class='ocrx_word' id='word_1_345' title='bbox 217 4451 227 4515; x_wconf 67' lang='lat'><strong>&gt;</strong></span> <span class='ocrx_word' id='word_1_346' title='bbox 244 4448 273 4503; x_wconf 74' lang='lat' dir='ltr'><strong><em>A</em></strong></span> <span class='ocrx_word' id='word_1_347' title='bbox 315 4363 414 4418; x_wconf 81' lang='lat' dir='ltr'><strong>excitas</strong></span> <span class='ocrx_word' id='word_1_348' title='bbox 444 4381 465 4420; x_wconf 86' lang='lat' dir='ltr'><strong>s.</strong></span> <span class='ocrx_word' id='word_1_349' title='bbox 492 4383 544 4422; x_wconf 79' lang='lat' dir='ltr'><strong>ser.</strong></span> <span class='ocrx_word' id='word_1_350' title='bbox 572 4371 644 4424; x_wconf 64' lang='grc' dir='ltr'><em>Μ</em></span> <span class='ocrx_word' id='word_1_351' title='bbox 670 4373 699 4423; x_wconf 88' lang='lat' dir='ltr'><strong>ta</strong></span> <span class='ocrx_word' id='word_1_352' title='bbox 726 4370 754 4425; x_wconf 86' lang='lat' dir='ltr'><strong><em>A</em></strong></span> <span class='ocrx_word' id='word_1_353' title='bbox 789 4372 887 4426; x_wconf 86' lang='lat' dir='ltr'><strong>excitas</strong></span> <span class='ocrx_word' id='word_1_354' title='bbox 915 4373 944 4426; x_wconf 91' lang='lat' dir='ltr'><em>B</em></span> <span class='ocrx_word' id='word_1_355' title='bbox 1064 4373 1099 4427; x_wconf 77' lang='lat'><strong>26</strong></span> <span class='ocrx_word' id='word_1_356' title='bbox 1132 4373 1301 4442; x_wconf 81' lang='lat' dir='ltr'><strong>quialrcrnm</strong></span> 
     </span>
     <span class='ocr_line' id='line_1_38' title="bbox 173 4461 216 4502; baseline -0.047 0"><span class='ocrx_word' id='word_1_357' title='bbox 173 4461 216 4502; x_wconf 76' lang='lat' dir='ltr'><strong>cac</strong></span> 
     </span>
    </p>
   </div>
   <div class='ocr_carea' id='block_1_7' title="bbox 0 0 1594 5100">
    <p class='ocr_par' dir='ltr' id='par_1_8' title="bbox 0 0 1594 5100">
     <span class='ocr_line' id='line_1_39' title="bbox 0 0 1594 5100; baseline 0 10"><span class='ocrx_word' id='word_1_358' title='bbox 0 0 1594 5100; x_wconf 95' lang='lat' dir='ltr'><strong> </strong></span> 
     </span>
    </p>
   </div>
  </div>
 </body>
</html>
