3132 5096
283 438 345 506 126
691 441 694 476 ³
725 467 727 472 ,
767 435 923 494 Saluiani

283 626 413 708 reprobo
436 643 538 704 sensu,
563 625 733 691 bonitatem
751 643 805 708 pro
821 626 960 691 stultitia
975 623 1222 710 repudianteesset
1238 626 1409 708 nequitiam

283 746 337 812 pro
365 729 520 826 sapientia
553 728 723 813 diligentes·
753 731 842 795 tante
877 728 991 796 cotidie
1024 729 1238 812 prudentiores
1267 746 1409 794 essenos

284 831 438 898 oredimus
460 831 717 916 quanto-peiores
739 851 857 896 sumus.

253 951 273 1016 9
326 952 366 1017 ΙΙ.
401 951 443 1017 ut
465 965 544 1035 quae
567 950 703 1031 tandem,
727 967 810 1034 rogo,
838 967 908 1036 spos
931 951 1156 1018 emendationis
1179 953 1213 1017 in
1237 951 1325 1018 nobis
1349 953 1406 1030 est,

252 1046 256 1094 ³
284 1053 336 1137 qui
369 1072 429 1120 non
467 1041 569 1120 erroro
606 1052 759 1138 opinionis
796 1053 835 1120 ad
855 1055 985 1120 malum
1021 1049 1164 1122 ducimur
1172 1072 1189 1139 ,²
1210 1055 1272 1120 ssd
1307 1054 1445 1120 stadios

282 1157 383 1224 malae
405 1160 576 1224 uoluntatis
599 1158 779 1236 adnitimur,
803 1163 839 1224 ut
862 1177 982 1242 semper
1005 1159 1123 1244 peiores
1155 1179 1217 1225 esse
1240 1153 1409 1225 uideamur.

281 1264 313 1327 et
335 1263 413 1326 ¹binc
441 1263 498 1341 est,
533 1263 621 1344 quod⁴
644 1263 761 1327 dudum
789 1266 915 1345 questus
945 1278 1015 1327 sum
1044 1263 1209 1328 deteriores
1232 1263 1410 1328 nosnullo

282 1381 349 1430 esau
371 1364 651 1448 quam'barbaroS,
687 1363 758 1448 quia
781 1365 851 1430 illos
881 1365 1056 1448 ignorantia
1077 1365 1156 1449 legis
1179 1369 1320 1448 excusat,
1355 1385 1410 1432 nos

282 1467 413 1540 scientia
450 1459 582 1535 accuset.
621 1467 669 1532 illi
706 1487 759 1550 per
797 1467 986 1550 imperitiam
1022 1468 1184 1547 ueritatiS,
1223 1469 1296 1552 quia
1333 1487 1410 1552 quae

282 1557 345 1636 sint
378 1572 456 1637 bona
489 1572 640 1656 nesciunt,
675 1571 758 1635 mala
788 1588 842 1653 pro
872 1569 960 1636 bonis
985 1569 1134 1654 diligunt:
1170 1589 1224 1636 nos
1248 1588 1318 1636 cum
1348 1572 1443 1635 sci-nc

253 1759 264 1768 μ
283 1675 401 1740 cutiam
431 1677 575 1740 ueritatis
603 1675 782 1759 habeamus,
813 1691 891 1756 quae
920 1673 984 1738 sint
1013 1673 1095 1738 bona
1122 1674 1239 1756 optime
1268 1674 1411 1740 nouimus

232 1778 298 1844 lOa
312 1811 329 1843 a
350 1779 460 1844 modis.
498 1778 758 1863 primumquod
786 1776 864 1842 nihil
877 1777 988 1842 'ferme
1019 1779 1071 1842 uel
1094 1777 1260 1842 criminum
1282 1778 1333 1842 uel
1355 1777 1411 1843 ila·

282 1881 430 1966 gitiorum
460 1887 515 1961 est,
546 1883 627 1965 quod
655 1882 688 1947 in
716 1880 900 1966 spectaculis
923 1899 984 1945 non
1007 1875 1066 1946 sit:
1092 1881 1147 1945 ubi
1177 1898 1335 1946 summum
1357 1884 1411 1946 de'·

281 1985 426 2051 liciarum
461 2005 558 2070 genus
592 1989 640 2051 est
673 1985 753 2050 mori
785 1985 924 2050 homines
948 1985 1012 2064 aut,
1046 1986 1126 2067 quod
1149 1986 1194 2050 est
1217 1986 1316 2049 monte
1337 2001 1411 2068 gra·

283 2088 353 2153 uius
387 2088 604 2171 acerbiusque,
637 2088 785 2168 lacerari,
821 2087 939 2170 expleri
972 2087 1108 2152 ieramm
1136 2089 1231 2152 aluos
1265 2087 1444 2154 humaniora

283 2191 438 2272 carnibus,
474 2193 595 2258 comedi
624 2191 765 2258 homines
797 2191 1162 2256 cumoiucumstautium
1192 2190 1315 2256 laetitia
1338 2207 1411 2255 con-

283 2294 482 2377 spicientium
518 2296 689 2378 uoluptate,
723 2294 782 2359 lroc
815 2294 863 2358 est
896 2312 959 2360 non
991 2295 1093 2359 minus
1121 2311 1217 2378 paene
1248 2291 1410 2358 hominum

282 2399 462 2481 aspectibus
491 2416 585 2482 quam
614 2399 789 2463 bestiarum
819 2396 965 2462 dentibus
989 2397 1140 2463 deuorari.
1179 2398 1271 2480 atque
1293 2398 1334 2463 ut¹
1353 2395 1410 2460 hoc

282 2501 347 2583 fiat,
382 2503 463 2569 orbis
497 2503 691 2585 impendium
719 2502 783 2576 est;
816 2518 933 2585 magna
967 2500 1050 2565 enim
1084 2501 1159 2567 cura
1186 2500 1231 2565 id'
1252 2502 1355 2582 agitur
1379 2503 1410 2564 et

282 2604 466 2670 elaboratur.
497 2605 649 2669 adeuntur
665 2605 760 2668 stiam
784 2604 851 2668 loca
869 2602 978 2668 abdita
1000 2605 1175 2669 lustrantur
1198 2604 1445 2681 inanissimae
1549 2585 1550 2658 l

282 2711 487 2790 peragrantur
503 2707 602 2772 siluas
617 2707 852 2790 inexplicabiles
865 2708 1114 2800 conscenduntur
1130 2705 1407 2790 nubifcreellpes,

281 2811 483 2892 penetrantur
519 2812 636 2876 inferas
673 2810 773 2876 ualles
809 2813 840 2874 et
871 2814 909 2874 ut
945 2809 1087 2876 deuorari
1122 2809 1245 2892 possint
1282 2829 1300 2874 a
1333 2809 1408 2874 teris

281 2912 402 2978 uiscera
436 2913 606 2994 hominum,
641 2925 702 2978 uon
736 2913 810 2978 licet
843 2916 989 2978 naturam
1017 2929 1121 2976 rorum
1149 2913 1266 2995 aliquid
1298 2913 1410 2979 habere

231 3018 443 3083 llsecretum.
482 3017 536 3082 sed
565 3018 651 3097 haec,
686 3017 799 3101 inquis,
833 3021 895 3082 non
923 3034 1045 3098 semper
1073 3015 1162 3081 finnt.
1201 3017 1321 3080 certum
1353 3021 1409 3080 est.
1549 3083 1550 3108 ,

281 3123 312 3184 et
334 3120 495 3204 praeclara
510 3121 622 3186 erroris
639 3122 693 3187 eet
703 3121 870 3202 excusatio,
894 3121 1041 3204 quianon
1058 3137 1179 3202 semper
1200 3117 1297 3183 liunt:
1321 3119 1411 3201 quasi
1421 3142 1446 3181 ue

383 3285 396 3337 1
419 3283 538 3368 Romul,
556 3285 591 3338 28

282 3439 285 3474 ῑ
334 3431 347 3483 1
367 3429 512 3499 reprobabo
530 3429 577 3485 scd
595 3430 629 3484 ba
644 3434 741 3498 pacat.
760 3430 787 3482 Α
900 3429 932 3483 12
955 3435 1026 3484 amc
1042 3429 1135 3484 modis
1147 3427 1210 3484 odd.
1229 3430 1364 3499 iamcrp.
1386 3429 1412 3482 Β

282 3515 356 3572 deest
379 3516 424 3574 bi'c
447 3516 563 3586 aliquid;
589 3519 621 3574 ta
637 3522 669 3571 to
687 3532 790 3572 cesara
812 3516 932 3586 quiaque
954 3516 1000 3574 ccl
1020 3517 1138 3574 asmiald
1158 3521 1209 3580 est;
1235 3517 1330 3585 possis
1349 3523 1413 3585 epte

280 3603 422 3672 supplere:
441 3603 486 3658 sed
499 3603 615 3670 deligere
627 3618 675 3656 noe
687 3603 758 3656 mala
773 3603 867 3656 multis
880 3601 1044 3656 ostendimus
1063 3603 1156 3657 modis’
1180 3603 1325 3670 Halmium
1342 3603 1412 3668 fort.

281 3690 383 3744 eccidit
411 3689 489 3742 malis
516 3692 607 3743 autem
634 3689 818 3758 postponimus
847 3689 942 3744 multis
969 3689 1011 3742 tta
1033 3694 1064 3742 ot
1087 3689 1232 3746 subsimilis
1255 3690 1413 3746 litterarum

280 3775 381 3831 ductam
406 3775 437 3828 a'a
463 3775 574 3830 uocibus
600 3774 686 3829 modis
709 3777 737 3828 st
755 3774 833 3828 malis
857 3775 986 3829 lacunam
1010 3773 1127 3842 effecisse
1151 3775 1283 3836 addentur
1299 3776 1341 3842 cf.
1360 3793 1413 3830 aas

282 3863 419 3918 Sita-Ber.
431 3879 458 3931 p.
471 3867 489 3918 9
503 3863 606 3926 (multis
619 3862 707 3916 modis
719 3863 758 3917 sic
770 3862 889 3916 recurrit
902 3862 957 3930 Ima.
974 3862 1038 3927 VII,
1052 3862 1160 3928 deltos)
1262 3864 1294 3916 13
1307 3879 1413 3918 summa

280 3949 434 4004 dilitiarum
446 3947 507 4018 (del.
519 3965 553 4004 m.
567 3951 596 4014 2)
609 3947 642 4002 A·
727 3949 760 4002 16
771 3948 899 4002 commodi
912 3953 938 4001 ct
953 3949 1156 4002 circumstancia
1168 3949 1196 4001 B
1263 3961 1264 3967 ¹
1281 3949 1316 4004 20
1328 3951 1413 4006 inuiis

280 4035 345 4088 altis
368 4037 396 4088 A
504 4033 538 4088 22
564 4033 649 4102 iniere
672 4035 712 4088 A:
740 4033 870 4088 niuilerae
894 4031 921 4087 B
950 4033 1177 4101 q‘inloraonalles
1203 4035 1304 4110 raetiam
1327 4052 1412 4106 oppo-

280 4126 388 4176 nantur
410 4122 518 4190 caperis
534 4135 555 4174 s.
579 4119 642 4174 attis
659 4119 778 4189 Alpibus
802 4133 884 4190 qaam
905 4119 1034 4176 piniferae
1056 4120 1200 4188 nubiferis,
1229 4135 1283 4189 qao
1305 4124 1413 4178 accedit

281 4209 354 4274 qaod
365 4207 532 4264 adiecta‘acm
549 4207 650 4261 inferes
661 4207 745 4262 uerbo
759 4207 935 4276 penetrantur
948 4205 1032 4278 modis
1043 4207 1178 4262 conceaat‘
1192 4207 1333 4276 Halmius)
1346 4210 1413 4276 fort.

279 4294 399 4347 coacuit
426 4293 504 4348 Sala.
532 4289 657 4348 riulferae
682 4292 729 4348 acl
751 4291 824 4362 quod
847 4293 993 4348 Hartelics
1016 4295 1174 4362 suspicatur
1197 4293 1343 4349 amnileres
1403 4327 1410 4336 -

281 4377 315 4430 24
334 4380 434 4432 certum
453 4383 640 4448 est—semper
658 4378 793 4432 fiunt-cm.
811 4380 893 4445 Atat
914 4377 947 4442 Τ)
1132 4373 1134 4378 ’
1273 4375 1276 4382 ’
