3178 5100
486 476 523 530 de
541 475 677 546 gubern.
694 475 745 529 dei
763 475 832 530 VIII
851 479 866 541 ἓ
887 475 996 531 12-19.
1238 475 1300 541 197

180 665 236 732 filii
266 666 367 748 pietas
396 667 526 748 patema
555 667 726 747 torquetur,
758 663 805 730 ita
827 667 859 729 et
885 683 957 730 cum
987 681 1096 731 seruus
1117 664 1167 730 dei
1188 684 1208 731 a
1228 683 1302 748 quo·

181 787 274 853 quam
296 768 442 848 laeditur,
469 769 615 833 maiestas
637 766 744 833 diuina
765 767 912 850 uiolatur,
941 767 1063 834 dicente
1085 767 1119 833 id
1140 769 1243 850 ipsum
1266 769 1305 832 ad

179 872 333 955 apostolos
356 889 426 937 suos
449 871 589 937 domiuo:
620 873 685 954 qui
713 889 781 936 uos
809 870 970 955 recipit,
1000 889 1056 936 me
1078 870 1245 956 recipit,
1268 872 1306 934 at

180 975 245 1059 qui
267 995 335 1042 nos
364 978 533 1058 spernit,
567 993 623 1041 me
650 975 816 1059 speruit.
855 973 1096 1060 benignissimus
1125 974 1246 1040 scilicet
1268 971 1356 1040 aoid

157 1077 339 1160 cpiissimus
354 1079 498 1146 dominus
521 1097 718 1145 communem
734 1077 795 1145 sibi
811 1096 883 1144 oum
906 1079 1006 1144 seruis
1029 1078 1095 1143 suis
1110 1081 1141 1143 et
1156 1077 1304 1144 bonorem

178 1182 274 1248 simul
296 1184 328 1247 et
349 1183 572 1249 coutumeliam
594 1181 682 1261 iacit,
705 1201 744 1247 ue
760 1182 839 1264 quis,
861 1201 931 1248 cum
949 1183 1087 1248 laederet
1102 1181 1152 1247 dei
1167 1198 1303 1258 seruum,

177 1285 338 1351 bominem
366 1291 491 1352 tantum
513 1305 531 1352 a
553 1304 586 1352 se
607 1286 690 1351 laedi
718 1285 932 1366 arbitraretur,
965 1303 1036 1350 cum
1065 1288 1181 1368 absque
1209 1284 1305 1350 dubio

177 1390 299 1455 iniuriis
315 1407 475 1456 seruorum
487 1391 712 1456 dominicorum
723 1390 774 1455 dei
785 1392 1012 1456 admisceretur
1026 1389 1151 1467 iniuria,
1166 1391 1303 1454 testante
1347 1401 1353 1454 .’

178 1492 210 1557 id
232 1495 298 1558 suis
325 1494 381 1559 dae
412 1494 526 1560 affectu
555 1493 828 1577 indulgentissimo
857 1495 892 1558 in
920 1494 1005 1560 huuc
1033 1494 1179 1560 modum:
1213 1509 1304 1574 quo·

147 1597 284 1662 uoniam
316 1600 381 1679 qui
409 1616 475 1664 uos
505 1599 658 1682 tangit,
692 1597 808 1680 quasi
843 1597 908 1680 qui
938 1597 1075 1680 tangit
1106 1595 1304 1679 pupillam

180 1701 286 1765 oculi
317 1701 405 1766 mei.
443 1701 482 1766 ad
515 1701 748 1782 exprimendam
784 1701 1029 1766 teneritudinem
1066 1699 1193 1781 pietatis
1230 1715 1304 1762 suae
1316 1693 1356 1761 17

179 1805 377 1871 tenerrimam
399 1808 521 1888 partem
543 1803 671 1869 humani
691 1805 825 1886 corporis
847 1803 1031 1881 nominauit,
1055 1807 1091 1867 ut
1107 1802 1303 1887 apertissime

178 1909 429 1992 intellegeremus
451 1909 546 1973 deum
566 1909 635 1974 tam
658 1925 757 1990 parua
778 1909 956 1973 sanctorum
972 1924 1099 1972 snorum
1115 1906 1305 1972 contumelia

179 2013 268 2089 laedi,
297 2028 392 2094 quam
419 2013 508 2094 parui
530 2011 668 2077 narbaris
690 2015 778 2077 tactu
800 2012 930 2078 humani
953 2012 1040 2077 uisus
1062 2011 1145 2077 acies
1166 2010 1304 2076 bedare-

149 2118 238 2182 atur.
272 2115 508 2182 insectabantur
530 2117 636 2198 itaquo
655 2113 724 2180 Afri
747 2120 840 2197 atquo
863 2116 995 2181 oderant
1017 2131 1122 2180 seruos
1143 2112 1194 2179 dei
1215 2113 1249 2178 et
1269 2112 1305 2177 in

178 2219 224 2284 his
247 2219 349 2286 deum.

217 2339 293 2406 IIII.
324 2337 384 2406 Sed
407 2339 566 2422 quaeritur
588 2339 723 2405 forsitan
746 2340 858 2422 quibus
881 2340 983 2405 modia
1006 2339 1155 2422 probetur
1177 2338 1301 2404 odiumz
1316 2335 1356 2402 18

178 2444 239 2509 illis
273 2442 401 2521 scilicet,
435 2441 547 2526 quibus
577 2445 672 2510 etiam
700 2442 887 2510 Iudaeorum
916 2443 988 2509 odia
1017 2441 1247 2525 conprobantur
1268 2447 1303 2508 iu
1350 2435 1354 2451 ’
1396 2459 1399 2465 “

178 2545 346 2623 Christum,
376 2564 446 2611 cum
470 2543 614 2611 dicebant
636 2548 676 2613 ad
699 2565 785 2612 eum:
819 2545 1096 2612 Samaritanus
1125 2563 1165 2609 es
1194 2547 1236 2609 tu
1265 2545 1304 2610 et

146 2651 417 2716 stremonium
455 2648 588 2727 habes,
627 2669 699 2716 cum
735 2647 917 2714 inridebant
956 2666 1026 2714 cum
1064 2649 1302 2728 maledicebant,

176 2773 245 2819 cum
267 2751 476 2819 insufflabant
498 2752 666 2819 infaciem
688 2753 755 2820 eius
778 2757 809 2819 et
831 2753 1018 2820 frendebant
1041 2753 1186 2820 dentibus
1210 2771 1302 2836 super

176 2860 269 2940 caput
296 2860 371 2923 eius.
407 2856 490 2923 unde
520 2859 616 2924 etiam
644 2859 676 2923 in
704 2857 835 2940 psalmis
865 2858 942 2924 dicit
971 2857 1110 2924 saluatur
1139 2857 1216 2940 ipse,
1249 2859 1303 2940 qui

173 2961 325 3042 pertulit:
362 2979 491 3026 omnes
528 2962 593 3043 qui
630 2961 942 3044 conspiciebant,
980 2961 1303 3044 aspernabantur

174 3083 245 3143 me,
270 3067 307 3128 ct
329 3065 453 3129 locuti
474 3068 566 3129 sunt
587 3064 708 3130 labiis
732 3068 769 3130 ct
787 3064 1136 3146 moueruntcaput.
1160 3064 1193 3128 et
1208 3061 1301 3129 alibi:

145 3167 494 3249 utemptauerunt,
532 3168 647 3251 inquit,
687 3187 761 3246 me,
799 3170 837 3232 et
874 3167 1112 3233 deriserunt
1148 3163 1302 3243 derisu,

174 3269 434 3335 frenduerunt
456 3270 496 3335 in
518 3289 573 3336 me
596 3271 781 3336 dentibus
803 3269 897 3336 suis.
935 3271 982 3335 lta
1004 3269 1102 3354 igitur
1123 3271 1155 3334 et
1177 3270 1209 3333 in
1234 3287 1299 3333 mo·
1314 3264 1354 3331 19

174 3373 290 3453 rachis,
320 3374 352 3440 id
375 3378 423 3439 est
445 3373 561 3440 sanetis
585 3374 643 3454 dei,
667 3373 816 3440 Afrorum
838 3373 986 3459 probatur
1010 3373 1124 3453 odium,
1148 3371 1222 3456 quia
1242 3373 1295 3438 in·
1351 3404 1355 3415 ,

274 3557 742 3625 antecantamenta
844 3558 963 3614 aaran
981 3559 1042 3624 aa
1145 3560 1178 3614 19
1200 3559 1259 3614 Iob.
1278 3519 1356 3624 as

172 3643 206 3700 48
301 3645 336 3700 23
353 3644 425 3700 Peal.
443 3646 520 3713 21,8
609 3645 776 3701 seniorem.
795 3645 872 3714 eal
909 3644 1008 3701 Psalm.
1027 3646 1069 3711 34,
1089 3645 1121 3700 1e

222 3812 291 3868 2ad
309 3813 398 3882 ipsum
415 3815 444 3868 Β
545 3816 562 3870 6
580 3813 647 3869 facit
664 3815 743 3882 lton,
763 3815 828 3870 lecit
844 3814 912 3881 fort.
926 3822 1044 3886 propter
1061 3832 1114 3884 sep.
1133 3817 1297 3884 nequis...

171 3899 350 3955 arbitraretur
367 3905 436 3969 (noa
453 3898 618 3969 arbitretur),
636 3907 694 3956 iam
707 3907 824 3970 propter
841 3903 928 3958 locam
945 3903 1112 3959 aimetlimcm
1127 3903 1221 3958 atatim
1237 3903 1302 3956 cab·

168 3993 338 4056 sequentem:
355 3985 529 4042 tenerrimam
547 3989 648 4057 partem
660 3988 687 4040 h.
700 4004 722 4042 c.
735 3988 888 4042 nominauit
904 3992 972 4058 (aea
982 3989 1123 4054 nominat),
1142 3990 1175 4042 ut
1193 3987 1302 4041 intelle·

169 4088 301 4142 geremus,
319 4077 352 4126 at
369 4078 484 4142 auoque
501 4074 557 4128 loeo
575 4073 612 4128 cd
629 4073 783 4142 scriptwroc
802 4090 897 4128 sacrae
913 4075 1000 4130 cerba
1015 4075 1162 4143 respiciens
1173 4075 1301 4143 perfecto

167 4174 237 4213 aare
248 4160 285 4214 sit
381 4159 414 4213 13
432 4159 655 4229 intellegeremus]
673 4159 810 4228 „nagera
828 4161 856 4214 A
867 4161 898 4214 ia
910 4167 1028 4216 cctremo
1039 4177 1122 4214 corsa
1216 4158 1298 4215 deum

166 4245 199 4299 Β
215 4243 297 4299 tabat
314 4249 379 4299 unte
395 4244 466 4300 laedi
553 4246 587 4300 18
603 4245 660 4300 illis
671 4245 774 4300 seilicet
791 4247 935 4303 Halmius:
958 4247 1000 4301 illi
1013 4247 1116 4300 scilicet
1133 4246 1161 4299 B
1178 4246 1300 4314 (illorum

83 4354 86 4360 ·
166 4349 205 4386 -ε-
226 4331 267 4386 sic
284 4347 300 4384 o
319 4334 349 4386 ia
366 4333 433 4398 roa)
537 4332 769 4400 comprobabuntur
791 4335 950 4402 auspicatur
967 4333 1114 4388 Harteliaa
1219 4335 1251 4388 19
1269 4336 1300 4387 tu

163 4434 219 4473 ma.
239 4417 320 4485 Β(Τ)
413 4417 448 4472 22
466 4420 546 4488 ceput
558 4418 652 4487 etipse
670 4435 719 4474 om.
738 4418 766 4472 Β
782 4425 846 4474 oar
940 4420 974 4473 26
994 4418 1022 4474 in
1035 4419 1088 4489 me]
1106 4420 1188 4475 imma
1204 4422 1233 4474 Β
