3132 5096
455 474 492 529 dc
510 473 639 543 gubern.
659 473 713 528 dci
733 473 794 530 1111
812 479 827 538 5
845 474 955 528 64-69.
1228 476 1270 542 89

134 681 245 748 agore,
281 682 317 728 sn
349 662 465 728 iudicio
498 661 575 739 iusti
608 660 659 726 dai
692 679 806 748 poenas
841 661 981 730 malitiae
1014 663 1177 728 sustinora
1213 661 1319 732 sadai

135 767 257 844 satam
280 765 403 848 inquis,
427 765 511 832 mala
532 765 629 832 stiam
651 764 779 830 barbari
800 768 899 848 agunt
922 768 955 829 st
976 782 1040 830 non
1061 767 1136 832 sumt
1158 767 1268 840 tamon

133 873 203 936 tarn
238 869 347 941 miseri
378 886 473 950 qnam.
505 887 561 934 uos
594 886 713 934 sumus.
750 869 809 934 hoc
838 887 912 952 orgo
946 867 1078 936 interest
1107 870 1207 955 quod,
1242 868 1269 934 si

133 973 247 1038 cadam
281 973 376 1056 agant
406 971 533 1039 barbari
566 990 645 1055 quas
679 989 734 1037 nos
767 971 910 1056 agimur,
939 990 994 1037 nos
1024 975 1129 1040 tamon
1152 973 1269 1038 maiora

112 1077 305 1145 roffensiona
326 1094 500 1159 parcamus.
530 1078 662 1159 possunt
684 1077 770 1142 onim
792 1078 944 1142 nostrast
960 1075 1165 1142 barbarorum
1188 1074 1270 1142 uitia

134 1198 204 1246 csso
227 1180 324 1263 pana
346 1181 400 1246 scd
423 1179 457 1244 in
479 1178 528 1244 his
550 1181 657 1246 tamen
679 1179 768 1245 uitiis
791 1196 916 1244 necesso
937 1182 985 1244 ast
1011 1182 1138 1260 paccata
1160 1182 1270 1244 nostra

134 1300 205 1348 assa
227 1283 379 1366 grauiora
415 1301 490 1348 narn
513 1300 582 1348 cum
606 1299 725 1360 omnes,
748 1282 863 1346 utiam
880 1285 953 1346 anta
976 1280 1120 1360 diximus,
1142 1280 1270 1348 barbari

133 1390 193 1452 aut
225 1387 339 1470 pagani
370 1385 435 1452 sint
456 1385 513 1452 aut
533 1383 694 1463 haeretici,
728 1387 765 1449 ut
787 1385 825 1450 do
849 1384 991 1466 paganis,
1026 1386 1101 1467 quia
1121 1385 1204 1467 prior
1227 1385 1269 1450 il-

133 1489 240 1554 lorum
271 1508 356 1556 orror
385 1492 450 1570 ast,
479 1491 566 1572 prius
588 1488 707 1565 dicam,
729 1506 807 1571 gans
831 1485 986 1554 Saxonum
1007 1487 1075 1552 fara
1097 1490 1147 1553 ost
1169 1488 1269 1554 Fran·

100 1609 248 1660 acorum
281 1593 431 1676 infidelis,
466 1592 650 1675 Cipidarum
684 1591 856 1656 inhumana
889 1589 1067 1656 Chunorum
1100 1593 1269 1672 impudica,

135 1695 279 1762 omnium
314 1696 447 1778 deniquo
479 1694 624 1778 gentium
658 1692 862 1760 barbarorum
897 1694 966 1758 uita
998 1693 1165 1758 uitiositas.
1215 1693 1269 1758 scd
1279 1695 1321 1762 68

135 1799 290 1880 numquid
321 1802 452 1866 cundem
480 1800 600 1864 reatum
635 1797 752 1863 habant
784 1797 913 1862 illorum
935 1797 1016 1862 uitia
1037 1816 1129 1880 quam
1152 1797 1267 1876 nostra,

135 1901 293 1983 numquid
315 1904 382 1966 tam
405 1900 573 1968 criminosa
594 1901 644 1968 ast
666 1899 846 1966 Chunorum
868 1899 1071 1982 impudicitia
1096 1919 1192 1983 quam
1213 1918 1270 1965 no-

135 2005 214 2080 stra,
238 2004 390 2086 numquid
406 2007 473 2070 tam
488 2002 675 2070 accusabilis
690 2004 883 2068 Francorum
897 2003 1029 2085 perfidia
1044 2021 1139 2086 quam
1154 2007 1269 2083 nostra,

103 2109 193 2174 aaut
230 2110 297 2172 tam
334 2108 586 2192 reprehensibilis
622 2107 757 2172 striatas
794 2106 966 2173 Alamanni
1003 2124 1097 2188 quarn
1134 2106 1269 2172 ebrietas

137 2208 319 2291 Christiani,
343 2214 399 2276 aut
420 2212 485 2278 tam
510 2209 696 2276 damnabilis
717 2210 873 2293 rapacitas
888 2208 982 2274 Alani
1005 2226 1099 2291 quam
1115 2208 1270 2291 rapacitas

136 2312 335 2380 Christiani?
358 2313 385 2378 si
407 2313 502 2380 fallat
524 2311 652 2378 Chunus
674 2313 727 2376 nol
750 2307 873 2393 (iapida,
897 2310 972 2396 quid
994 2311 1112 2376 mirum
1135 2313 1193 2387 ost,
1216 2310 1270 2392 qni

136 2417 263 2500 culpam
292 2418 417 2498 ponitus
448 2415 599 2482 falsitatis
627 2415 777 2498 ignorat?
811 2416 838 2480 ai
864 2415 999 2496 perierat
1022 2413 1170 2492 Francus,
1195 2413 1269 2496 qnid

137 2520 211 2586 noui
242 2520 348 2598 faciat,
379 2520 434 2602 qui
462 2519 635 2602 periurium
664 2516 768 2601 ipsum
790 2517 944 2584 sarmouis
966 2534 1064 2600 genus
1087 2517 1179 2598 putat
1201 2533 1268 2580 osso

103 2642 198 2690 conon
220 2621 385 2688 criminis?>
406 2625 439 2688 st
460 2622 536 2705 quid
558 2621 684 2701 mirum,
707 2621 735 2686 si
756 2621 814 2686 hoc
835 2621 959 2686 barbari
981 2619 1027 2684 ita
1050 2619 1190 2697 crodunt,
1213 2616 1269 2700 qui
1278 2623 1321 2689 69

137 2727 243 2808 legem
265 2726 298 2790 st
318 2728 412 2792 doum
434 2725 590 2804 nesciunt,
621 2741 693 2790 cum
723 2723 822 2789 maior
851 2723 951 2788 forms
973 2721 1107 2787 Romani
1129 2721 1267 2786 nominis

191 3014 208 3067 2
232 3015 260 3066 at
282 3029 334 3068 non
360 3015 424 3066 sunt
441 3037 480 3066 m
498 3014 555 3066 tam
579 3011 669 3065 miseri
692 3011 720 3065 A
742 3009 912 3076 (exciderant
930 3015 986 3066 tres
1003 3012 1049 3066 oei
1068 3016 1200 3080 quotuor
1216 3011 1270 3064 litt.

138 3114 165 3163 ct
184 3107 291 3178 quidem
309 3107 409 3176 absque
422 3105 504 3162 dubio
521 3107 587 3172 tarh,
605 3112 637 3160 at
649 3105 722 3161 iciam
729 3107 817 3174 paolo
830 3111 896 3174 post
912 3103 1008 3161 hahet.-
1026 3123 1078 3160 non
1096 3107 1152 3160 am
1170 3104 1270 3159 maiora

138 3207 164 3258 et
182 3203 292 3257 statim.-
313 3202 343 3255 in
360 3201 403 3256 his
420 3204 478 3257 tam
495 3199 583 3266 uitiis)
687 3201 705 3254 3
728 3200 761 3270 si]
780 3199 832 3254 etsi
854 3200 883 3254 Β
988 3201 1085 3254 'tanto
1101 3200 1156 3253 iam
1174 3197 1202 3252 Β

136 3291 155 3344 8
167 3290 217 3343 ant
230 3291 305 3356 (ante
316 3287 426 3358 pagani)
440 3302 475 3342 aa·
486 3288 518 3341 nt
529 3286 558 3340 A
566 3301 636 3341 corr.
649 3301 683 3340 m.
694 3287 722 3349 2,
735 3291 767 3339 at
778 3286 871 3340 atatim
883 3300 897 3340 c
909 3286 1049 3340 contrario
1060 3287 1092 3340 ut
1105 3301 1139 3339 aa
1150 3290 1202 3339 cat

138 3376 156 3428 9
182 3374 257 3444 prius
281 3374 309 3428 Β
332 3390 402 3430 corr.
421 3373 546 3442 exprior
648 3387 776 3427 saxonum
801 3388 835 3426 aar
856 3386 977 3426 saxorum
995 3372 1023 3426 A
1040 3386 1109 3427 corr.
1128 3373 1202 3426 Μ

139 3459 174 3514 10
184 3460 346 3530 gypidarnm
359 3460 388 3514 A
404 3459 562 3530 gepidarum
573 3459 601 3513 Β
613 3459 678 3512 hcm
684 3458 773 3527 poulo
780 3463 845 3526 post
859 3461 912 3524 (17)
1009 3457 1153 3512 Hunorum
1164 3457 1193 3512 Β
1206 3457 1271 3512 itam

135 3548 176 3602 33
196 3551 222 3600 et
245 3547 334 3600 hunus
352 3550 386 3600 17
490 3545 521 3600 11
546 3543 718 3600 barbararum
736 3543 948 3600 ‘Rittarshuaa'na
965 3543 1029 3599 utI
1046 3544 1089 3598 36.
1107 3544 1150 3598 47.
1169 3541 1209 3598 VI
1226 3543 1269 3598 53.

136 3632 180 3686 67.
204 3631 261 3686 VII
278 3632 349 3700 8(?).
366 3632 408 3686 37'
436 3631 579 3697 Halmium
607 3635 637 3684 αι
659 3630 801 3685 V7a'tem
818 3631 846 3684 A
870 3635 965 3700 aparte
983 3629 1063 3686 hahet
1080 3629 1269 3696 barbarorum

139 3718 261 3774 111161
279 3719 309 3774 in
327 3719 401 3774 omui
418 3721 498 3788 ganto
516 3717 638 3773 omnium
655 3717 847 3784 barbarorum
865 3719 916 3785 asc.
929 3723 1080 3786 practerea
1097 3715 1192 3786 populi
1209 3713 1269 3768 bar·

137 3803 267 3872 hararum
288 3803 335 3859 VI
350 3808 395 3860 69.
414 3808 454 3860 98
562 3803 595 3860 la
622 3819 700 3872 quam
726 3819 757 3857 o:
785 3817 852 3870 quac
878 3803 946 3872 AB;
971 3804 1036 3871 fort.
1064 3803 1095 3858 ia
1120 3801 1269 3870 archetypo

136 3892 194 3959 suit
211 3891 333 3960 uitiaqus
349 3905 402 3960 pro
420 3890 490 3944 uitia
507 3892 589 3959 atqua
607 3889 779 3957 <pracsertim
796 3905 858 3944 cam
876 3903 944 3956 quac
959 3904 1013 3957 pro
1030 3904 1081 3959 quo
1098 3888 1130 3944 ia
1144 3888 1172 3942 A
1188 3901 1269 3954 scope

137 3982 278 4045 occurrat)
368 3976 402 4032 13
419 3976 572 4046 criminosa]
587 3975 689 4030 uitiosa
706 3975 734 4030 Β
822 3975 855 4030 15
866 3974 980 4029 alaniA
993 3973 1151 4044 (Alamanni
1162 3971 1200 4038 B)

139 4063 172 4118 16
189 4063 272 4120 Alani
290 4063 317 4117 Β
334 4079 369 4118 m.
380 4068 403 4130 ,1
430 4062 533 4120 Albani
548 4062 605 4116 AB
622 4078 657 4116 m.
676 4064 697 4116 2
801 4061 833 4116 18
859 4060 938 4130 culpa
959 4062 988 4116 A
1090 4058 1206 4129 perierat
1222 4055 1270 4112 scd

137 4151 263 4218 priorcr
285 4151 378 4218 punct.
400 4149 428 4204 A
456 4149 557 4218 periret
581 4148 609 4202 B
635 4147 672 4216 cs.
690 4145 771 4216 infra
787 4145 826 4202 cc
843 4153 861 4212 3
880 4151 914 4202 76
1017 4144 1083 4214 quid
1108 4159 1142 4198 cca
1167 4143 1215 4212 qni
1242 4144 1270 4197 A

138 4251 209 4290 corr.
221 4239 287 4291 Μ
382 4235 415 4290 19
433 4233 534 4290 facerat
550 4233 578 4288 Β
673 4231 801 4286 scamonia
819 4247 853 4288 ccc
870 4247 991 4288 normano
1008 4231 1037 4285 A
1053 4246 1124 4286 corr.
1137 4233 1202 4285 ca2

138 4320 173 4374 21
194 4321 297 4376 maiora
319 4321 348 4375 Β
370 4326 397 4375 ct
420 4318 504 4388 (cccc
520 4318 651 4374 Halmium
667 4321 731 4386 om.)
754 4319 782 4372 A
897 4317 979 4372 forms
996 4331 1031 4371 aa
1047 4331 1136 4386 parma
1153 4316 1181 4370 A
1198 4331 1270 4372 corr.

138 4409 211 4461 Μ
373 4429 377 4440 ’
