3172 5098
507 506 547 564 ad
565 507 744 563 eeclesiam
768 507 848 574 1115
867 505 977 563 67-72.
1244 510 1308 576 293

219 695 305 760 XVI.
337 695 397 763 Sed
427 696 559 764 fortasse
590 696 666 763 haee
695 697 764 778 tibi,
796 697 982 780 quicumque
1013 713 1044 760 es
1074 694 1220 775 infidelis,
1251 699 1306 762 aut
1318 695 1361 762 70

176 819 287 884 parum
320 799 427 867 ualida
456 803 511 867 aut
542 819 653 883 parum
683 801 791 883 aperta
820 818 886 866 esse
915 797 1090 865 uideantur.
1130 798 1308 882 quidquod

178 903 322 969 dominus
346 904 468 988 ipsein
490 903 653 986 euangelio
676 904 756 969 nihil
779 921 967 987 quemquam
990 902 1028 968 de
1051 901 1194 984 operibus
1217 901 1308 967 bonis

176 1009 306 1091 perdere
329 1005 545 1073 Christianum
572 1005 830 1073 manifestissime
860 1006 953 1071 dooet
983 1003 1106 1071 diosus:
1136 1003 1309 1087 quicum·

154 1129 249 1192 eque
281 1112 417 1194 potum
451 1110 610 1177 dederit
642 1111 709 1176 uui
736 1130 778 1176 er
808 1107 985 1174 minimis
1015 1107 1112 1174 istis
1142 1107 1309 1174 oalioem

178 1231 303 1295 aquas
326 1213 519 1298 frigidae,
543 1217 699 1281 tantum
721 1214 764 1278 iu
786 1214 942 1279 nomine
965 1210 1175 1296 discipuli,
1199 1229 1310 1276 amen

178 1316 269 1382 dioo
304 1319 431 1395 uobis,
465 1335 538 1384 non
567 1318 706 1402 perdet
736 1318 958 1384 meroedem
988 1334 1108 1382 suam.
1149 1315 1224 1398 quid
1247 1313 1309 1379 diei

178 1420 354 1488 euidentius
376 1422 504 1504 potuit?
534 1421 630 1486 etiam
652 1440 721 1488 eam
745 1440 811 1486 rem
832 1421 865 1486 in
888 1421 993 1486 futuro
1015 1420 1197 1486 habituram
1219 1438 1311 1504 prae·

177 1526 277 1590 mium
301 1543 367 1590 esse
390 1525 477 1604 dixit,
501 1526 634 1608 quaein
657 1523 812 1607 praesinti
834 1524 971 1608 pretium
987 1541 1049 1590 non
1072 1525 1216 1592 haberetr
1239 1528 1309 1591 tan·

141 1629 247 1694 sotum
270 1628 397 1694 honoris
420 1628 520 1694 uultui
536 1647 591 1695 suo
614 1628 740 1709 tribuit,
763 1633 799 1695 ut
814 1629 934 1712 aliquid
954 1629 1036 1695 esset
1051 1628 1121 1695 illie
1135 1647 1190 1711 per
1205 1629 1309 1711 fidem,

176 1732 261 1815 quod
284 1731 337 1796 hio
359 1732 486 1799 omnino
516 1731 596 1798 nihil
620 1735 702 1799 esset
724 1751 780 1816 per
806 1733 975 1800 uilitatem.
1011 1735 1064 1798 sed
1086 1734 1253 1798 tamenne
1275 1731 1360 1798 inll

178 1833 237 1900 hoe
271 1835 332 1901 sibi
366 1837 494 1919 quidam
527 1836 657 1903 forsitan
692 1836 926 1917 blandirentur,
962 1837 989 1903 si
1021 1836 1123 1902 multa
1157 1834 1308 1901 habentes

178 1937 299 2022 exiguis
332 1940 458 2023 possent
486 1959 601 2023 megna
635 1941 778 2020 mereari,
814 1940 973 2007 subtiliter
1002 1940 1108 2024 posuit
1133 1939 1231 2005 etiam
1253 1956 1309 2021 pro

178 2043 276 2107 oalioe
299 2059 397 2128 oquae
425 2043 558 2124 frigidae
581 2061 643 2108 non
666 2043 837 2126 perituram
861 2062 927 2110 esee
949 2044 1136 2125 meroedem
1162 2043 1222 2107 hoo
1245 2041 1309 2108 uti·

141 2163 238 2228 aeque
261 2147 423 2211 euidenter
449 2146 612 2211 ostendens
639 2163 701 2211 non
729 2163 784 2229 pro
806 2163 903 2230 paruo
925 2145 1044 2230 aliquid
1065 2164 1218 2228 magnum
1241 2163 1310 2211 esse

177 2248 380 2332 reddendum,
406 2249 459 2314 sed
481 2251 587 2314 tamen
609 2249 833 2331 qualecumque
856 2249 930 2315 fidei
953 2267 1030 2331 opus
1053 2267 1116 2316 uon
1138 2267 1205 2314 esse
1227 2249 1310 2331 peri·

177 2355 297 2419 turum.
328 2352 424 2418 habes
440 2352 544 2436 itaque
560 2351 803 2419 indubitabilem
818 2354 944 2419 futurae
959 2352 1174 2419 retributionis
1191 2351 1309 2418 seouri-
1321 2349 1363 2416 72

177 2457 279 2521 tatem
312 2456 407 2522 habes
438 2455 687 2538 recipiendorum
717 2456 870 2522 bonorum
899 2473 1027 2538 operum
1057 2455 1133 2522 satis
1163 2454 1310 2521 idoneum

177 2559 307 2624 uadem:
331 2561 383 2642 qui
406 2561 531 2643 quidem
554 2564 661 2626 tantae
683 2578 745 2625 non
766 2561 868 2625 solum
897 2559 966 2626 fidei
988 2563 1042 2627 sed
1066 2560 1163 2626 etiam
1186 2557 1310 2624 miseri-

137 2663 303 2729 aooordiae
326 2669 420 2747 atque
443 2663 571 2746 pietatis
595 2667 650 2740 est,
674 2664 794 2730 utnon
818 2663 921 2730 soluat
944 2665 1067 2729 tautum
1091 2666 1171 2746 quod
1194 2661 1311 2746 promi·

177 2765 255 2832 serit
278 2767 367 2849 quasi
390 2767 540 2845 debitum,
571 2768 625 2832 sed
648 2768 744 2833 etiam
767 2767 912 2833 ostendat
934 2765 1053 2850 aliquid
1075 2785 1136 2850 quo
1159 2784 1193 2830 se
1215 2763 1310 2832 faeiat

175 2867 363 2936 debitorem.
401 2890 475 2936 nam
502 2871 556 2953 qui
579 2889 633 2953 pro
656 2870 754 2936 oalioe
776 2888 875 2955 aquae
898 2869 1032 2955 frigidae
1054 2869 1251 2936 redditurum
1276 2889 1309 2935 se

177 2970 259 3037 dixit
286 2990 352 3038 esse
380 2973 556 3039 meroedem
585 2991 646 3038 nou
674 2974 776 3039 solum
805 2973 875 3040 uult
902 2973 1021 3039 soluere
1045 2991 1124 3057 quae
1146 2971 1309 3055 aooeperit,

177 3077 233 3141 sed
266 3075 361 3140 etiam
394 3075 588 3142 demonstret
620 3077 724 3159 aliqua
756 3094 835 3159 quae
869 3075 981 3142 soluat.
1016 3077 1087 3160 pius
1123 3074 1243 3141 soilioet
1274 3092 1311 3140 ao

135 3177 397 3244 asmisedoordia
433 3180 543 3262 plenus
577 3183 609 3245 et
643 3179 802 3246 consulere
838 3179 947 3245 uolens
982 3197 1044 3245 non
1080 3178 1182 3244 solum
1217 3177 1311 3244 diuiti

178 3280 323 3365 largitati
351 3282 405 3346 sed
435 3281 531 3349 etiam
553 3283 758 3365 pauperoulae
781 3280 975 3348 oifioiositati
996 3282 1142 3360 ostendit,
1173 3297 1233 3364 quo
1257 3283 1311 3348 ob·

83 3425 87 3432 -
178 3384 309 3449 noxium
330 3383 392 3449 sibi
413 3386 446 3450 in
470 3383 575 3469 aliquo
597 3385 693 3450 deum
714 3385 830 3450 lateret
852 3385 949 3452 etiarn
964 3384 1019 3468 qai
1034 3383 1116 3468 quod
1134 3384 1311 3452 faeneraret

178 3485 308 3570 penitus
330 3504 392 3552 uon
414 3486 552 3552 haberet.

188 3743 191 3750 Δ
283 3707 302 3761 4
319 3705 420 3762 Matth.
438 3706 479 3775 10,
498 3707 533 3764 42

235 3913 249 3966 1
269 3913 428 3983 quioumque
447 3929 480 3968 eo
497 3927 572 3984 queo.
591 3929 662 3970 oorr.
680 3915 748 3970 Μ
766 3913 794 3966 A
888 3914 1057 3983 apiastrum
1075 3913 1102 3969 A
1193 3915 1313 3969 tantum

175 4013 233 4068 que
252 4000 325 4063 (aem
343 3998 368 4065 b)
387 3999 429 4054 ed.
449 3999 587 4054 Balanitae
692 3999 725 4053 10
747 3998 853 4068 aliquid
875 4015 911 4056 oo
933 3999 1031 4070 aliquit
1054 4015 1123 4056 corr.
1141 4016 1176 4055 m.
1194 4001 1215 4054 2
1231 4000 1260 4055 A
1281 4006 1314 4056 ut

174 4091 206 4151 §-
226 4087 260 4140 71
278 4090 305 4141 et
322 4087 358 4141 72
462 4086 494 4140 11
517 4085 547 4140 in
571 4101 622 4142 om.
645 4085 781 4142 Bouana
885 4085 918 4141 12
939 4085 1037 4141 forsitd
1059 4088 1088 4140 A
1110 4092 1141 4140 ut
1163 4092 1188 4152 5.
1209 4089 1245 4142 73

179 4170 216 4225 13
227 4172 335 4240 possem
347 4170 376 4226 b:
393 4170 498 4240 possint
509 4171 701 4228 ABHolmiue
783 4172 815 4226 l'i
826 4171 909 4228 habes
922 4187 955 4229 aa
966 4171 1045 4227 habia
1058 4187 1128 4228 corr.
1141 4189 1177 4228 m.
1186 4174 1207 4227 2
1217 4173 1259 4228 A·

176 4257 216 4312 25
232 4255 416 4312 misericordia
434 4257 539 4329 plenus]
561 4258 635 4314 bano
657 4258 745 4314 locam
763 4257 866 4316 addere
884 4258 966 4314 debari
981 4257 1047 4314 bete
1066 4256 1217 4315 Sita-Ber.
1232 4275 1262 4328 p.
1279 4264 1313 4315 11

173 4345 329 4416 coeperim
350 4344 402 4412 σίν.
422 4345 487 4400 oder.
506 4346 566 4403 ooo.
585 4344 630 4400 od.
649 4345 716 4402 labri
733 4345 766 4402 de
783 4347 843 4417 pet.
860 4347 946 4416 primi
962 4351 986 4412 ἕ.
997 4337 1036 4402 '58
1138 4343 1261 4418 26quod
1280 4363 1315 4404 eo

174 4445 234 4500 qno
253 4445 322 4486 oola.
340 4445 373 4485 aa.
392 4431 412 4485 2
430 4431 457 4486 B
