3178 5100
297 523 361 588 230
788 517 942 572 Saluiani

298 712 379 776 deris
395 714 449 778 sed
464 712 534 794 plus
555 713 661 776 tamen
675 709 863 792 iniquitatis,
888 727 949 775 non
964 708 1111 793 superbas
1135 725 1172 774 ac
1196 707 1428 789 praeminentes

297 815 425 881 excelsis
455 815 584 881 urbibus
614 815 734 892 domus,
765 831 828 879 non
855 832 950 896 supra
971 813 1122 878 humanos
1144 813 1230 877 uisus
1254 812 1337 876 elate
1359 809 1428 874 cul·

296 919 383 982 mina
404 934 462 982 nec
482 917 602 983 inserta
624 917 759 983 nubibus
782 917 865 982 aerio
887 917 1065 983 habitatore
1088 915 1228 999 fastigia,
1251 931 1314 978 non
1337 913 1428 980 deni-

296 1039 355 1103 que
386 1020 499 1086 fundos
532 1020 778 1087 interminabiles
802 1030 835 1086 ct
863 1021 1011 1086 notitiam
1044 1013 1226 1101 possessoris
1258 1017 1308 1082 sui
1338 1035 1429 1083 exce·

296 1126 413 1204 dentes,
443 1126 496 1208 qui
526 1127 684 1190 consortes
707 1124 775 1208 pati
796 1123 961 1206 indignum
984 1121 1151 1188 aestiment
1174 1123 1207 1187 et
1229 1121 1428 1187 uicinitatem
1449 1139 1461 1178 ι
1582 1163 1583 1166 ,

245 1227 285 1292 19
295 1227 445 1294 iniuriam
467 1230 587 1312 putant.
619 1247 681 1294 non
703 1245 775 1310 ergo
797 1227 874 1292 haec
897 1229 972 1292 deus
993 1227 1146 1310 praecipit
1160 1244 1217 1290 nec
1232 1225 1274 1290 in
1296 1225 1427 1290 seruilia

294 1337 435 1399 terrenae
464 1332 692 1414 procurationis
721 1331 825 1398 officia
847 1350 956 1396 curam
978 1330 1101 1414 patriae
1124 1329 1254 1414 pietatis
1277 1329 1426 1396 extendit

293 1455 391 1522 pauca
419 1441 492 1503 sunt
520 1455 598 1519 quae
626 1434 757 1502 mandat
785 1436 840 1500 sed
871 1435 1035 1512 salutaria,
1064 1433 1206 1518 expedita
1229 1435 1282 1500 sed
1305 1434 1427 1510 sancta,

293 1543 456 1623 praecepto
483 1558 579 1624 parca
601 1539 656 1604 sed
678 1539 783 1603 fructu
806 1539 945 1621 grandia,
976 1537 1093 1620 scripto
1118 1537 1224 1602 breuia
1247 1538 1300 1602 sod
1323 1535 1427 1602 beati·
1582 1607 1583 1610 Ἴ

295 1643 401 1710 tudine
425 1644 623 1727 sempiterna.
657 1645 848 1726 parentes
872 1643 991 1716 enim,
1014 1642 1127 1725 inquit,
1151 1640 1280 1706 nolite
1303 1642 1349 1706 ad
1371 1641 1463 1706 in-1o
1582 1631 1583 1672 ³

293 1748 570 1832 dignationem
592 1765 808 1830 prouocare
831 1744 948 1812 filios
971 1749 1144 1822 uestros,
1170 1749 1234 1812 sed
1258 1745 1427 1810 educate
1506 1778 1510 1783 -

293 1853 387 1918 illos
408 1854 449 1918 in
472 1851 698 1934 disciplina
720 1852 757 1916 et
779 1851 1036 1933 correptione
1058 1849 1224 1916 domini:
1248 1853 1283 1914 ut
1305 1853 1426 1931 ponant

292 1955 423 2033 scilicet,
459 1955 540 2020 sicut
574 1955 726 2039 propheta
760 1954 848 2034 dixit,
886 1956 929 2020 ut
962 1957 1109 2035 ponant
1142 1952 1181 2017 in
1215 1954 1282 2018 deo
1316 1971 1426 2034 spem

292 2077 399 2125 suam
423 2061 460 2122 et
482 2075 555 2122 non
579 2057 880 2141 obliuiscautur
909 2075 1069 2140 operum
1092 2057 1154 2123 dei
1176 2057 1238 2122 sui
1260 2060 1299 2122 et
1321 2075 1426 2120 man·
1582 2127 1583 2144 ,

238 2164 385 2231 20data
412 2163 494 2227 eius
523 2161 747 2243 exquirant.
784 2179 823 2225 en
851 2162 960 2244 quales
989 2159 1118 2226 diuitias
1147 2163 1221 2226 deus
1245 2160 1360 2244 diligit,
1384 2173 1461 2224 en1⁵
1582 2153 1583 2242 ζ

292 2283 370 2348 quas
399 2263 582 2347 pignoribus
612 2265 736 2328 recondi
766 2263 865 2348 erigit
887 2283 970 2346 opes,
1002 2283 1040 2330 en
1064 2281 1140 2346 quas
1163 2264 1268 2346 parari
1291 2266 1425 2345 imperat
1582 2245 1583 2278 ³

291 2367 466 2445 facultates,
496 2366 590 2432 fidem
616 2366 736 2433 scilicet
763 2384 801 2430 ac
828 2369 974 2432 timorem
1005 2369 1066 2446 dei,
1095 2368 1283 2432 modestiam
1305 2368 1424 2433 sancti·

290 2473 429 2562 moniam
452 2471 660 2555 disciplinam,
684 2490 745 2537 non
767 2474 893 2536 terrena
915 2490 977 2536 non
993 2471 1072 2538 uilia
1093 2490 1154 2537 non
1176 2471 1339 2554 pereuntia
1361 2490 1424 2536 non

291 2576 424 2640 caduca:
457 2574 617 2657 praeclara
646 2572 763 2656 utique.
802 2592 873 2638 cum
902 2575 985 2640 enim
1014 2575 1090 2642 deus
1119 2576 1265 2641 uiuorum
1295 2577 1424 2640 sitnon

290 2680 495 2754 mortuorum,
519 2679 603 2740 recte
627 2675 686 2740 illa
706 2677 812 2759 parari
827 2675 902 2741 filiis
920 2678 1022 2754 iussit,
1045 2697 1101 2760 per
1115 2697 1193 2761 quae
1208 2681 1241 2744 in
1257 2665 1421 2744 aeternnm
1432 2695 1461 2736 ιο

290 2781 434 2848 uiuerent
455 2799 517 2846 non
539 2800 595 2864 per
619 2798 695 2862 quae
718 2781 752 2844 ia
775 2781 964 2864 aeternitate
987 2784 1194 2848 morerentur.
1225 2801 1316 2848 nemo
1333 2783 1422 2848 enim

290 2884 415 2950 dubitat
438 2883 584 2952 omnibus
607 2883 704 2950 ferme
726 2884 820 2950 malis
843 2889 873 2951 et
896 2885 1073 2952 infidelibus
1096 2887 1224 2952 diuitias
1246 2887 1422 2952 mundiales

290 3005 415 3054 causam
445 2987 557 3053 mortis
588 2989 691 3070 magis
720 3007 786 3054 esse
815 3007 910 3070 quam
931 2989 1016 3055 uitae
1038 2993 1211 3056 secundum
1234 2991 1316 3056 illud
1338 2990 1421 3072 quod

291 3091 366 3156 deus
397 3089 490 3156 dicit:
526 3108 639 3172 quam
673 3089 849 3156 difficile
883 3092 923 3155 hi
957 3093 1021 3174 qui
1054 3093 1244 3174 pecunias
1273 3092 1422 3158 habent

285 3196 519 3260 introibunt
541 3195 580 3261 in
603 3214 723 3280 regna
745 3197 953 3262 caelorum.
977 3197 1138 3263 etiterum
1161 3197 1328 3262 facilius
1351 3198 1460 3274 esua

289 3297 403 3380 inquit,
437 3297 630 3365 camelum
664 3317 734 3381 per
766 3298 940 3366 foramen
973 3317 1065 3366 aaut
1100 3301 1276 3366 transire
1305 3317 1422 3382 quam

286 3399 457 3467 diuitem
478 3403 633 3468 intrare
655 3403 694 3467 in
716 3419 837 3483 regna
859 3403 1068 3470 caelorum.
1099 3404 1180 3470 unde
1202 3405 1236 3467 et
1257 3403 1337 3469 illud
1360 3408 1421 3483 est,

285 3504 371 3587 ¹quod
394 3504 573 3587 specialiter
593 3505 681 3571 iubet
704 3505 828 3570 dicens:
845 3505 984 3582 ‚nolite
1007 3507 1281 3574 thesaurizare
1302 3509 1420 3574 uobis

288 3607 501 3673 thesauros
523 3608 561 3673 in
589 3609 711 3687 tarra,
744 3609 1017 3675 thesaurizata
1046 3613 1175 3678 autem
1197 3612 1314 3677 uobis
1338 3612 1421 3676 the-

236 3707 435 3778 21sauros·
461 3712 501 3777 in
535 3712 657 3779 caelo.
695 3714 905 3796 superioribus
932 3732 970 3781 ac
998 3717 1200 3798 sequentibus
1234 3718 1327 3784 dictis
1359 3720 1461 3784 duos

290 3814 507 3882 thesaurorum
530 3835 647 3900 genera
667 3820 894 3894 monstrantur,
917 3837 1015 3885 unum
1037 3819 1157 3886 scilicet
1173 3840 1233 3903 quo
1256 3821 1329 3886 filiis
1351 3822 1420 3886 the-

290 3919 448 3984 saurizent
470 3920 586 4002 patres,
609 3920 697 3986 aliud
721 3939 779 4004 quc
804 3922 873 3987 sibi.
903 3922 1055 4006 filiisque
1079 3925 1196 3991 modo?
1218 3930 1254 3991 ut
1275 3925 1422 3990 erudiant

390 4122 425 4176 24
442 4122 640 4186 Marc.10,24
741 4125 775 4178 25
793 4125 988 4194 Marc.10,25
1090 4127 1125 4182 28
1142 4128 1244 4182 Matth.
1262 4130 1287 4194 6,
1306 4131 1340 4184 19

340 4293 354 4346 1
367 4292 517 4361 pminentes
528 4295 571 4348 A:
584 4297 764 4363 preminentes
777 4297 804 4352 B
818 4299 1029 4367 praeeminentes
1041 4315 1064 4356 e.
1074 4299 1133 4356 ecc.
1145 4255 1276 4357 Halmius
1299 4271 1301 4274 Ι
1345 4303 1363 4356 2
1375 4303 1424 4357 dc·

288 4377 717 4436 musexdomoscorr.ca1A
805 4383 838 4437 10
849 4383 943 4453 inquid
955 4384 1012 4439 AB
1099 4387 1425 4457 iti-praeclaraeerprae·

287 4461 357 4516 clare
371 4479 440 4518 corr.
452 4483 485 4520 m.
496 4469 516 4521 2
529 4466 556 4521 B
638 4468 672 4522 24
683 4467 723 4522 hii
735 4470 792 4525 AB
868 4473 931 4540 quai
938 4477 1035 4538 pmice.
1048 4489 1063 4528 e
1074 4476 1102 4530 A
1183 4476 1216 4530 25
1229 4491 1311 4545 ragno
1323 4476 1352 4530 B
1372 4513 1376 4522 ·
1398 4503 1403 4522 ι
