3132 5096
288 498 332 564 98
612 516 616 524 ’
740 529 742 536 ‹
776 491 931 551 Saluiani

288 707 378 754 suam
401 689 540 754 moribus
563 690 637 754 suis.
668 688 770 775 magis
794 690 880 756 enim
893 691 1083 760 damnabilis
1102 699 1152 765 est
1165 701 1298 783 malitia,
1322 725 1417 790 quam

288 793 402 860 titulus
432 793 582 860 bonitatis
611 794 755 870 accusat,
785 796 818 862 et
846 799 953 863 reatus
980 797 1071 882 impii
1101 803 1148 868 est
1176 804 1265 888 pium
1294 827 1417 877 nomen.
1543 861 1544 884 t

289 907 370 972 uude
399 901 496 967 etiam
524 897 665 966 saluatur
692 898 727 964 in
749 899 940 986 Apocalypsi
968 904 1009 969 ad
1036 905 1180 992 tepidum
1205 909 1419 984 christianum
1542 887 1544 968 4

289 1009 352 1077 ait:
387 1009 540 1074 utinam
573 1008 641 1074 aut
673 1003 824 1072 calidus
858 1023 962 1071 esses
997 1011 1065 1073 aut
1097 1008 1287 1092 frigidus:
1321 1037 1420 1087 nnnc
1543 997 1544 1004 ἵ

289 1119 435 1198 antem,
460 1115 550 1199 quia
570 1113 730 1196 tepidus
753 1129 805 1191 es,
828 1110 1020 1194 incipiam
1037 1116 1269 1184 teeuomere
1291 1139 1334 1185 ex
1356 1139 1452 1187 ores

288 1237 380 1287 meo.
415 1235 539 1286 omnem
561 1215 775 1284 Christianum
797 1215 940 1283 dominus
962 1215 1024 1284 fide
1046 1221 1083 1285 aa
1105 1219 1219 1303 spiritu
1240 1221 1331 1290 iubet
1353 1244 1419 1292 esse

288 1323 472 1391 seruantem.
509 1321 555 1389 sic
585 1323 669 1388 enim
698 1321 850 1405 scriptum
873 1326 937 1388 est:
971 1326 1013 1388 ut
1034 1323 1153 1392 simus
1174 1325 1322 1410 spiritu
1343 1327 1419 1394 fer-

235 1426 446 1507 92uentes‚
470 1429 625 1495 domino
647 1428 878 1494 seruientes.
916 1425 949 1492 in
970 1427 1030 1495 hoc
1051 1447 1124 1513 ergo
1146 1429 1266 1498 feruore
1288 1430 1418 1516 spiritus

289 1532 360 1598 fidei
383 1531 546 1617 religiosae
568 1532 660 1599 ardor
682 1532 873 1598 ostenditur:
895 1531 934 1597 de
956 1550 1016 1616 quo
1039 1533 1147 1599 ardore
1169 1533 1223 1618 qui
1245 1535 1418 1617 plurimum

288 1637 383 1703 habet
415 1635 540 1703 feruens
573 1655 640 1702 esse
673 1635 854 1720 agnoscitur
881 1635 914 1701 et
940 1634 1058 1702 fidelis:
1092 1636 1145 1721 qui
1176 1637 1258 1704 nihil
1291 1641 1449 1706 omninou

287 1740 382 1807 habet
414 1739 546 1825 frigidus
576 1759 644 1805 esse
674 1740 870 1823 intellegitur
900 1757 937 1806 ac
966 1756 1122 1826 paganum
1157 1740 1211 1823 qui
1240 1760 1314 1807 nero
1336 1744 1417 1810 inter

287 1845 454 1928 utrumque
484 1845 535 1910 uel
563 1847 711 1910 neutrum
741 1848 798 1927 est,
828 1843 951 1926 tepidus
974 1845 1066 1927 atque
1090 1862 1199 1911 exosus
1222 1847 1271 1911 est
1292 1847 1415 1913 domino

288 1945 493 2027 Christianus,
523 1951 555 2013 et
576 1947 645 2013 ideo
667 1947 708 2012 ad
733 1966 804 2013 eum
834 1946 965 2012 dicitur:
994 1947 1151 2012 utinam
1173 1951 1241 2015 ant
1263 1949 1418 2016 eolides

289 2069 395 2117 esses
429 2051 498 2116 aut
531 2050 728 2135 frigidus:
762 2068 862 2117 nuuc
885 2053 1030 2134 autem,
1065 2053 1156 2134 quia
1178 2053 1338 2136 tepidus
1362 2072 1416 2137 es,

287 2154 483 2236 incipiam
504 2156 543 2222 te
565 2172 742 2221 enomere
763 2173 805 2220 ex
821 2171 886 2220 ore
901 2172 992 2222 meo.
1022 2154 1079 2219 hoe
1094 2157 1141 2231 est
1156 2155 1273 2221 dicere:
1292 2155 1448 2225 utinamn

288 2260 344 2324 aut
375 2259 509 2325 calorem
538 2261 570 2324 et
605 2257 697 2325 fidem
731 2257 857 2324 haberes
889 2257 1041 2324 bonorum
1078 2257 1324 2326 christianorum
1362 2264 1417 2326 aut

287 2363 371 2427 certe
403 2361 504 2448 frigus
535 2367 567 2428 et
595 2362 806 2447 ignorantiam
839 2377 1041 2444 paganorum.
1079 2363 1135 2426 aut
1164 2361 1249 2427 enim
1278 2360 1355 2428 fides
1384 2366 1416 2428 te

287 2465 389 2532 calida
411 2468 467 2532 deo
497 2466 670 2532 insinuaret
692 2466 747 2530 aut
770 2468 853 2529 certe
876 2465 915 2529 ad
937 2481 1079 2548 praesens
1102 2465 1203 2531 adhuc
1224 2465 1304 2550 legis
1325 2465 1415 2552 iguo·

287 2569 392 2635 nantia
413 2571 610 2652 aliquatenus
633 2571 801 2634 excusaret.
839 2585 921 2632 nunc
947 2570 1053 2633 autem
1076 2569 1149 2651 qnia
1170 2566 1329 2634 Christum
1352 2572 1416 2636 iam

288 2673 446 2755 agnouisti
468 2675 500 2737 et
522 2672 662 2755 neglegis
691 2689 783 2757 quem
812 2671 978 2755 agnouisti,
1008 2671 1061 2754 qui
1090 2675 1249 2756 susceptus
1271 2692 1304 2738 es
1327 2673 1447 2756 questro
1542 2741 1543 2752 2

235 2790 279 2856 93
287 2777 371 2840 intra
393 2793 426 2840 os
449 2773 499 2840 dei
520 2794 575 2859 per
596 2774 670 2840 fidei
693 2775 885 2860 agnitionem
907 2775 1056 2857 prolueris
1071 2795 1125 2858 per
1151 2778 1300 2858 teporem.
1334 2779 1415 2859 qnod

288 2877 414 2961 quidem
437 2879 533 2945 etiam
554 2881 665 2945 beatus
680 2879 837 2962 apostolus
852 2877 965 2944 Petrus
980 2878 1138 2945 euidenter
1154 2880 1294 2964 exposuit
1310 2879 1414 2946 dicens

289 2986 327 3050 de
360 2983 481 3048 uitiosis
515 3001 556 3049 ac
583 2982 712 3066 tepidis,
744 2981 777 3048 id
810 2985 858 3047 est
892 2982 973 3047 male
1007 2980 1188 3047 uiuentibus
1212 2982 1414 3053 Christianis:

288 3085 432 3152 melius
462 3089 547 3154 erat
575 3085 662 3151 illis
692 3105 764 3153 non
795 3102 1030 3166 cognoscere
1059 3083 1279 3151 ueritatem
1302 3107 1415 3170 quam

287 3189 624 3275 cognoscentibus
655 3191 876 3255 retrorsum
909 3187 1074 3254 reflecti
1103 3206 1122 3253 a
1151 3189 1306 3255 tradito
1335 3191 1447 3257 sibine

287 3296 479 3362 mandato.
515 3293 693 3379 contigit
725 3293 814 3359 illis
844 3311 904 3358 res
931 3291 1019 3356 ueri
1051 3293 1272 3376 prouerbii:
1307 3295 1414 3360 oanis

287 3418 473 3466 reuersus
507 3400 554 3465 ad
587 3416 697 3464 suom
731 3396 922 3463 uomitum
950 3399 1019 3461 aut
1049 3414 1113 3460 sus
1136 3396 1223 3462 lota
1243 3397 1283 3461 in
1305 3397 1413 3463 uolu-

288 3505 404 3569 tabro
427 3502 568 3568 caeni:
587 3503 670 3585 qnod
691 3505 728 3567 nt
753 3500 910 3566 euidenter
928 3501 965 3565 de
980 3499 1029 3565 his
1046 3498 1167 3564 dictum
1182 3498 1413 3583 intellegamus,

286 3605 342 3691 qui
362 3605 423 3672 snb
445 3605 624 3672 Christiano
652 3604 777 3671 nomine
799 3605 831 3669 in
854 3603 996 3670 sordibus
1027 3604 1135 3669 mundi
1166 3605 1259 3686 atque
1281 3604 1415 3686 impuri·
1539 3663 1540 3666 ,

287 3713 406 3778 tatibus
440 3712 569 3793 uiuunt,
604 3707 693 3789 audi,
727 3708 861 3791 quidde
894 3707 995 3772 isdem
1016 3706 1051 3772 in
1083 3707 1191 3770 eodem
1220 3706 1285 3770 looo
1315 3706 1447 3772 dicatus

309 3946 313 3952 ,
388 3884 504 3953 rupea
522 3884 548 3950 e,
568 3883 601 3937 15
704 3882 816 3937 ruem.
837 3881 877 3948 ra,
896 3881 929 3934 11
1032 3880 1067 3934 24
1084 3879 1115 3934 11
1132 3880 1191 3934 rea
1209 3879 1234 3947 2,
1252 3879 1286 3934 21
1296 3895 1335 3948 sq.

338 4043 453 4099 titides
464 4059 486 4098 s.
498 4057 550 4098 eor.
562 4043 626 4096 m.2
638 4040 668 4110 gi
678 4040 707 4095 A
717 4041 782 4095 item
792 4040 856 4106 §92
866 4040 920 4107 (13)
992 4038 1009 4091 6
1021 4035 1101 4091 fidem
1112 4035 1161 4091 aad
1171 4051 1198 4089 m
1207 4039 1306 4103 ponet.
1317 4034 1345 4088 A

288 4134 321 4188 16
343 4131 380 4202 et]
404 4133 454 4185 aut
476 4129 505 4184 Β
607 4125 642 4182 20
665 4125 806 4195 suscepisti
828 4124 877 4180 sed
894 4127 992 4194 punct.
1012 4121 1063 4176 isti
1080 4127 1107 4176 et
1123 4137 1144 4177 a
1161 4136 1213 4177 eor.
1232 4137 1267 4175 m.
1284 4122 1304 4173 2
1322 4122 1367 4174 tus
1385 4134 1413 4173 es

288 4220 316 4273 A
417 4217 450 4272 21
470 4215 523 4286 dei]
542 4214 581 4268 d:
597 4213 657 4279 (sie)
674 4212 702 4266 A
806 4209 942 4280 proiciendo
959 4209 988 4264 Β
1090 4207 1124 4261 nt
1143 4222 1203 4262 sues
1219 4205 1267 4262 eod
1284 4223 1298 4260 e
1313 4212 1413 4275 puna.

286 4305 316 4358 A
348 4293 455 4360 snes'B
558 4297 714 4354 nolutrabro
730 4297 758 4352 Β
870 4296 904 4350 28
926 4295 984 4365 oeni
1003 4294 1042 4348 A:
1069 4294 1123 4348 luti
1146 4291 1174 4347 Β
1275 4291 1414 4346 euidenter

283 4407 322 4447 aa
344 4390 469 4444 uidenter
491 4390 519 4443 A
541 4403 611 4443 ocor.
629 4387 702 4440 ποθ
805 4383 840 4438 30
863 4382 928 4452 quid
945 4382 977 4436 de
994 4380 1097 4436 hisdem
1122 4395 1156 4435 ex
1178 4377 1363 4448 qnidehisdem
1386 4378 1415 4433 A

283 4492 356 4532 corr.
374 4492 409 4530 or.
428 4479 448 4530 2
473 4475 538 4544 qnid
556 4473 655 4529 eisdem
672 4473 733 4541 (ora.
752 4471 795 4539 de)
813 4470 841 4525 Β
