3178 5100
490 535 528 589 ad
547 535 727 590 ecclesiam
750 534 780 589 II
804 536 948 600 soe-47.
1222 538 1285 607 259

150 727 208 794 sed
241 730 345 812 auget,
380 726 453 808 quia
486 725 661 808 adsumptio
688 725 827 808 religiosi
855 725 989 790 nominis
1012 727 1134 810 sponsio
1158 730 1204 792 est
1227 728 1283 792 de-

23 897 24 908 ,
151 832 301 914 notionis,
331 848 367 895 ec
388 849 443 913 per
473 829 529 894 hoc
557 830 645 894 tanto
668 829 738 912 plus
764 829 919 912 quispiam
942 829 1033 894 debet
1056 849 1145 914 opere
1168 834 1283 912 quanto

23 925 24 932 '
70 934 77 951 '
155 937 224 1018 plus
239 935 419 1017 promiserit
434 934 632 1019 professione,
650 933 822 998 secundum
839 933 935 1001 illud:
959 935 1101 999 melius
1126 938 1186 1000 est
1209 954 1286 1002 non

152 1057 296 1104 uouere
319 1056 430 1121 quam
452 1039 541 1120 post
564 1041 695 1102 uotum
718 1039 913 1119 promissa
936 1056 1008 1102 non
1031 1037 1204 1104 reddere.

133 1179 148 1219 ,1
197 1161 236 1225 X.
268 1160 326 1226 Sed
349 1160 479 1226 forsitan
503 1159 580 1226 dicit
603 1159 734 1242 aliquis:
767 1160 794 1226 si
817 1161 892 1226 haec
913 1161 959 1226 ita
982 1159 1066 1240 eunt,
1092 1160 1189 1226 tutior
1213 1163 1342 1247 ergo44

156 1265 204 1329 est
226 1265 450 1348 inreligiositas
482 1283 576 1348 quam
599 1265 719 1347 religio.
757 1265 898 1330 minime.
937 1263 1100 1348 religiosus
1124 1264 1209 1330 enirn
1231 1283 1286 1347 per

156 1370 212 1434 hoo
235 1373 282 1434 est
307 1369 438 1448 debitor,
463 1372 544 1451 quod
562 1369 725 1451 profitetur
742 1368 933 1454 religiosum,
956 1368 1153 1452 inreligiosus
1178 1372 1285 1433 autem

156 1472 273 1556 perid,
303 1473 385 1555 quod
415 1472 587 1556 neglexerit
609 1473 809 1557 religionem;
840 1490 877 1537 ac
899 1492 952 1554 per
975 1472 1032 1537 hoo
1055 1474 1145 1537 ambo
1168 1471 1286 1536 habent
1366 1475 1367 1480 ’

155 1593 209 1658 pro
244 1577 426 1642 diuersitate
460 1576 649 1641 condicionis
684 1576 824 1642 debitum
859 1593 959 1641 suum.
997 1575 1162 1660 religiosus
1197 1576 1288 1640 debet

122 1697 147 1737 ro
157 1678 308 1762 quidquid
337 1699 369 1744 se
399 1679 552 1762 professus
583 1685 630 1745 est
660 1679 834 1762 agnouisse,
865 1679 1062 1761 inreligiosus
1092 1697 1166 1743 uero
1190 1679 1287 1745 etiam

157 1787 238 1866 quod
261 1802 321 1849 non
347 1784 492 1866 dignatur
514 1802 692 1870 agnoscere,
717 1785 885 1849 secundum
901 1783 987 1866 illud,
1011 1783 1094 1867 quod
1109 1781 1287 1866 specialiter

154 1905 258 1952 sermo
293 1885 418 1952 diuinus
441 1889 478 1953 de
501 1907 535 1952 eo
559 1888 649 1953 dicit:
685 1888 816 1953 noluit
848 1887 1092 1970 intellegere
1127 1890 1168 1951 ut
1191 1888 1287 1953 bene

155 1993 301 2072 ageret.
339 1992 394 2055 sed
417 1991 523 2055 temen
546 1991 616 2073 quia
640 2009 782 2056 onerasse
805 1990 967 2075 religiosos
997 1990 1054 2056 hac
1077 2010 1110 2054 re
1132 1990 1285 2070 uidemur,
1298 1992 1342 2059 45

155 2093 231 2176 quia
255 2093 474 2176 professionem
497 2094 631 2158 nominis
654 2095 851 2175 sponsionem
874 2112 940 2159 esse
956 2093 1090 2159 diximus
1113 2093 1285 2178 religionis,

120 2215 147 2255 11
156 2215 372 2263 remoueamus
399 2197 479 2262 hanc
501 2195 668 2275 sarcinam,
698 2198 844 2278 putemus
868 2215 929 2263 non
952 2197 998 2262 ita
1023 2215 1090 2262 1111
1113 2217 1191 2281 quae
1214 2195 1287 2262 diri.

155 2300 387 2366 consideremus
410 2320 471 2366 non
494 2299 569 2383 quid
591 2299 778 2384 professione
801 2302 854 2366 sod
878 2302 952 2383 quid
974 2301 1105 2381 ratione,
1130 2319 1191 2365 non
1214 2301 1288 2382 quid

155 2408 229 2469 uoto
253 2406 305 2470 sed
338 2405 411 2487 quid
434 2405 620 2470 salubritate
651 2404 718 2486 ipsa
740 2403 844 2470 'facere
867 2404 1044 2468 debeamus.
1080 2403 1174 2469 dicite
1197 2401 1286 2480 mihi,
1298 2409 1343 2474 46

153 2525 276 2588 quaeso,
300 2527 406 2573 omnes
428 2507 576 2592 religiosi,
601 2505 752 2590 numquid
777 2513 823 2571 est
846 2507 929 2573 ullus
952 2506 1124 2584 hominum,
1149 2509 1286 2589 quinon

155 2611 261 2674 omnia
295 2630 372 2693 quae
406 2611 483 2676 facit
510 2611 562 2675 uel
592 2612 705 2676 salutis
736 2629 810 2676 suae
834 2611 885 2676 uel
907 2613 988 2675 certe
1012 2611 1159 2676 utilitatis
1182 2610 1287 2695 gratia

119 2713 277 2779 ¹retaciat?
310 2732 410 2793 nemo,
446 2715 567 2798 opinor3
602 2733 707 2779 omnes
738 2711 822 2778 enim
844 2717 883 2779 ad
905 2699 1052 2779 affectum
1076 2715 1168 2797 atque
1192 2732 1287 2797 appe-

155 2817 252 2882 titum
275 2819 423 2884 utilitatis
446 2837 518 2884 suae
541 2822 670 2884 naturae
693 2817 790 2900 ipsius
805 2817 984 2902 magisterio
1000 2820 1094 2900 atque
1110 2817 1287 2900 inpulsione

154 2920 321 2986 ducuntur.
360 2922 489 3004 ideoque
520 2926 550 2985 11
580 2923 632 3004 qui
663 2922 803 2986 militant
825 2919 858 2984 id
882 2921 942 2985 sibi
966 2921 1142 3004 pulchrum,
1178 2921 1288 3003 etqui

154 3026 357 3107 negotientur
379 3026 411 3089 id
435 3023 495 3088 sibi
511 3023 599 3103 utile,
624 3027 655 3089 et
671 3025 724 3105 qui
739 3024 951 3106 agricolentur
965 3021 998 3088 id
1015 3023 1075 3090 sibi
1091 3023 1286 3089 fructuosum

155 3149 221 3194 esso
245 3128 433 3194 existimant.
469 3130 501 3192 et
523 3128 598 3210 quid
620 3128 734 3211 plura?
765 3129 848 3193 fures
873 3145 991 3208 quoque
1013 3125 1074 3210 ipsi
1097 3128 1129 3190 et
1151 3126 1287 3192 latrones

120 3236 187 3296 111
210 3231 341 3296 uenefici
373 3235 404 3296 11
435 3232 538 3296 sicarii
561 3234 592 3295 et
621 3250 709 3296 omne
738 3230 888 3312 inprobae
916 3229 1161 3295 conuersationis
1187 3248 1285 3314 genus

155 3335 188 3400 id
211 3335 274 3399 sibi
302 3336 382 3417 quod
411 3337 478 3420 agit
502 3351 672 3417 congruum
695 3335 793 3416 putat,
824 3351 884 3398 non
907 3336 987 3415 quod
1011 3333 1068 3396 ulli
1092 3352 1189 3418 praua
1211 3351 1286 3399 oon·

156 3438 294 3522 ueniant,
318 3440 372 3504 sed
395 3441 476 3521 quod
499 3439 563 3518 ille,
588 3437 641 3520 qui
664 3435 771 3520 prauis
794 3437 903 3515 utitur,
927 3437 984 3501 hoc
1006 3437 1066 3502 sibi
1083 3438 1189 3503 credat
1213 3457 1287 3503 con·

155 3558 270 3622 gruum
293 3560 359 3607 esse
383 3543 464 3624 quod
487 3560 627 3624 prauum.
660 3544 778 3624 ergoet
801 3559 855 3606 nos
878 3559 940 3606 non
955 3540 1026 3620 alia,
1051 3543 1167 3622 opinor,
1193 3545 1341 3611 causa47

156 3645 317 3727 religionis
340 3645 565 3728 philosophiam
589 3645 799 3727 adpetiuimus
822 3663 916 3726 quam
943 3647 1022 3727 quod
1046 3645 1134 3710 nobis
1157 3644 1190 3708 id
1214 3663 1287 3709 oon·

120 3749 284 3815 aueniens
318 3747 463 3815 arbitrati
496 3767 619 3828 sumus,
655 3748 828 3833 cogitantes
863 3747 983 3814 scilicet
1011 3751 1043 3812 et
1069 3747 1284 3833 praesentium

261 3997 278 4050 3
296 3997 393 4054 Eccles.
411 3997 437 4063 5,
456 3998 473 4050 4
577 3997 609 4051 12
628 3996 698 4050 PsaL
717 3995 758 4063 35,
777 3998 794 4050 4

212 4229 418 4304 1111131111111
437 4227 578 4298 religionis
597 4245 665 4284 corr.
684 4247 718 4300 m.
737 4233 756 4284 2
774 4229 801 4284 B
904 4227 1062 4283 oforsitam
1081 4227 1108 4280 A
1212 4225 1288 4280 6111-

155 4315 322 4386 religiositar
339 4333 360 4370 s.
379 4333 397 4370 n
415 4332 465 4370 sor.
484 4333 498 4370 r
520 4316 547 4369 B
652 4317 789 4385 dautem]
813 4315 883 4370 enim
906 4315 934 4370 B
1044 4314 1076 4367 16
1098 4311 1289 4382 professionem

154 4401 205 4457 eod
223 4419 250 4456 111
269 4419 303 4458 es
317 4409 400 4471 parte
419 4419 486 4458 erce.
505 4405 533 4456 A
627 4403 660 4458 23
678 4403 863 4472 agricolantur
881 4419 915 4458 ec
932 4401 1115 4470 agricolentur
1133 4415 1203 4455 corr.
1222 4401 1290 4454 1112

155 4490 184 4542 Α
289 4488 323 4542 29
341 4487 509 4558 philosofiam
529 4490 589 4557 (etc)
609 4489 663 4542 AB

1185 4590 1236 4645 17*
