3132 5096
272 495 335 560 132
759 491 918 547 Saluiani

273 685 316 748 ιι
338 682 451 748 illius
479 683 612 765 inopia
634 698 701 748 uos
723 679 1054 746 honestaremini.
1088 681 1128 746 et
1157 698 1242 746 cum
1264 682 1302 746 in
1325 679 1402 746 for·

266 805 349 865 ma,
372 784 483 868 inquit,
507 786 570 850 dei
592 786 716 862 esset,
739 781 977 850 humiliarit
999 783 1258 865 semetipsum
1280 802 1402 868 usque

275 889 321 956 ad
350 889 528 966 mortem,
560 888 728 954 montem
757 891 887 956 autem
917 885 1058 952 crucis.
1097 887 1154 954 hoc
1174 903 1230 952 nos
1254 885 1403 952 uidelicet

273 991 420 1058 Ghmstm
450 977 575 1069 imbuit,
608 1009 680 1058 cum
713 1009 767 1074 pro
800 989 889 1058 notls
922 990 986 1057 ista
1014 989 1176 1057 toleraret:
1211 989 1403 1072 praeclaram

273 1094 410 1178 passioni
441 1092 507 1160 eina
537 1091 788 1160 uicissitudinem
815 1092 973 1158 reddimus
994 1093 1057 1175 qui,
1087 1111 1158 1160 cum
1180 1097 1282 1160 morte
1303 1091 1442 1175 ipsinss

273 1197 518 1281 redemptionem
542 1196 764 1279 acceperimus,
785 1197 885 1264 uitam
901 1197 930 1264 ei
952 1197 1168 1282 turpissimam
1190 1213 1401 1281 repensamus.

273 1300 463 1384 apparuit
478 1299 595 1378 enim,
612 1299 716 1383 inquit
730 1299 932 1368 beatissimus
948 1301 1074 1376 Paulus,
1098 1301 1233 1384 gretia
1254 1301 1403 1368 domini

273 1403 401 1496 nostri
429 1405 516 1470 Iesu
546 1402 713 1483 Christi,
748 1403 932 1469 erudiens
960 1422 1044 1482 nos,
1079 1408 1120 1472 ιιι
1150 1403 1402 1492 abnegantes

272 1507 525 1590 impietatem
549 1511 588 1574 et
609 1509 831 1575 saecularia
858 1507 1059 1574 desideria
1081 1507 1214 1574 sobrie
1236 1511 1273 1574 et
1295 1508 1402 1577 iuste

274 1613 313 1678 et
335 1613 397 1694 pie
419 1612 599 1678 uiuamus
622 1611 660 1676 in
684 1611 756 1678 hoc
778 1611 950 1690 sessula,
974 1613 1226 1692 expectantes
1248 1609 1445 1678 beatamne

273 1733 383 1797 apem
406 1716 445 1781 et
466 1717 676 1782 aduentum
704 1715 862 1796 gloriae
883 1714 1014 1798 magni
1036 1714 1098 1780 dei
1121 1716 1158 1779 at
1180 1713 1401 1781 saluatoris

272 1820 404 1884 nostri
439 1819 532 1885 Iesu
569 1818 745 1898 Christi,
782 1819 846 1903 qai
882 1817 994 1884 dedit
1031 1817 1294 1898 semetipsum
1330 1836 1401 1900 pro

272 1921 403 2002 nobis,
441 1924 483 1986 ut
518 1939 589 1988 nos
625 1922 841 1988 redimeret
879 1920 924 1988 ab
962 1921 1065 1986 omni
1103 1920 1324 2003 iniquitate
1362 1925 1400 1986 st

274 2025 483 2090 mundaret
507 2024 587 2089 sibi
609 2024 798 2108 populum
821 2025 1129 2107 acceptabilem,
1159 2025 1401 2092 sectatorem

222 2128 460 2194 28bonorum
483 2144 648 2210 operum.
679 2127 735 2194 ubi
757 2130 831 2192 suut
846 2128 900 2210 qui
923 2127 999 2194 haec
1022 2127 1150 2207 faciant,
1173 2129 1299 2211 propter
1322 2147 1445 2212 quaene

272 2231 398 2298 uenisse
421 2230 581 2300 Christum
605 2231 763 2313 apostolus
785 2229 885 2298 dicit?
907 2229 962 2296 ubi
986 2234 1060 2296 sunt
1082 2229 1136 2314 qui
1159 2229 1312 2297 desideria
1334 2249 1400 2298 sae·

273 2335 338 2402 culi
360 2333 485 2420 fugiant
506 2336 561 2402 nbi
583 2335 637 2419 qui
659 2335 761 2402 uitam
783 2335 834 2418 pic
849 2352 885 2402 ac
907 2333 989 2400 iuste
1012 2337 1110 2418 agant
1132 2335 1184 2402 ubi
1200 2333 1255 2418 qui
1277 2352 1404 2417 sperare

273 2457 305 2506 se
336 2455 423 2522 spem
456 2437 581 2506 beatam
615 2437 704 2504 bouis
738 2438 881 2523 operibus
915 2438 1081 2506 ostendant
1111 2439 1142 2504 et
1163 2441 1401 2505 immaculatam

272 2544 372 2609 uitam
408 2545 534 2625 agentes
567 2543 627 2608 hoc
659 2543 727 2627 ipso
755 2559 789 2608 se
816 2541 948 2624 probent
976 2561 1108 2626 regnum
1139 2541 1188 2608 dei
1211 2543 1399 2625 exspectare,

273 2647 347 2730 qnia
369 2646 531 2712 merentur
545 2648 704 2730 accipere?
726 2647 823 2722 uenit,
846 2644 960 2729 inquit,
983 2647 1125 2713 dominas
1144 2647 1231 2712 Iesus
1246 2643 1447 2726 Christusne
1564 2729 1565 2738 ἵ

273 2753 316 2815 at
352 2749 561 2816 mundaret
597 2748 677 2814 sibi
711 2749 897 2833 populum
934 2751 1238 2832 acceptabilem,
1276 2754 1400 2816 secta-

222 2853 396 2919 29torem
429 2853 615 2919 bonorum
648 2867 816 2935 operum.
855 2853 909 2918 ubi
942 2853 989 2920 est
1021 2853 1154 2936 populus
1181 2851 1400 2926 illemundas

273 2954 326 3021 nbi
348 2953 479 3039 populus
501 2953 716 3040 acceptabilis,
739 2954 794 3023 ubi
815 2955 948 3039 populns
971 2955 1044 3022 boni
1066 2958 1168 3040 operia
1190 2955 1244 3024 ubi
1266 2957 1401 3041 populus

147 3139 149 3146 y
272 3057 473 3124 sanctitatis?
506 3056 709 3144 Christus,
730 3059 1011 3143 inquitscriptura,
1034 3078 1101 3145 pro
1124 3061 1237 3128 nobis
1258 3079 1401 3145 passus

272 3166 344 3242 est,
379 3161 597 3244 exemplum
629 3160 742 3230 nobis
776 3161 1003 3246 relinquens
1037 3167 1080 3228 ut
1108 3181 1448 3248 sequamurueas

273 3265 400 3348 stigio
422 3265 520 3330 eius.
550 3263 699 3330 uidelicet
721 3264 858 3349 uestigia
879 3265 1047 3332 saluatoris
1070 3268 1228 3351 sequimur
1249 3268 1284 3334 in
1307 3267 1399 3335 circis

273 3369 406 3452 uestigia
437 3367 603 3434 saluatoris
637 3368 797 3451 sequimur
824 3367 858 3432 in
888 3367 1032 3437 theatris.
1071 3370 1134 3436 tale
1165 3370 1254 3436 nobis
1276 3371 1401 3437 scilieet

273 3470 416 3536 Christus
438 3469 566 3553 reliquit
589 3472 775 3554 exemplum,
798 3490 892 3554 quem
908 3470 1031 3538 llcuisse
1052 3471 1186 3556 legimus
1208 3473 1314 3542 risisse
1336 3491 1399 3539 non

271 3572 416 3656 legimns.
454 3573 486 3639 et
508 3571 567 3638 hoc
589 3576 757 3656 utrumque
780 3592 835 3657 pro
857 3574 956 3653 nobis,
986 3577 1060 3658 quia
1081 3576 1173 3642 fletus
1198 3577 1399 3662 compunctio

266 3678 322 3742 est
344 3676 466 3741 animae
488 3675 568 3742 risus
590 3677 744 3760 corruptio
767 3677 963 3760 disciplinae.
1002 3683 1034 3744 et
1057 3679 1125 3744 ideo
1148 3679 1292 3746 dicebat:
1324 3699 1448 3748 naeeo

376 3887 549 3956 neutras
618 3889 790 3956 iuream
859 3890 1079 3962 terrenam
1149 3871 1402 3962 marsanam

323 4089 337 4141 1
366 4103 414 4142 nos
440 4086 467 4139 A
493 4085 542 4141 aad
563 4102 598 4141 m.
621 4102 674 4143 rec.
697 4105 715 4142 u
738 4093 806 4143 met.
830 4090 862 4144 to
883 4087 909 4142 N
1019 4091 1038 4146 4
1063 4088 1189 4147 Gloriatur
1214 4090 1243 4152 Β,
1265 4107 1286 4148 a·
1310 4091 1327 4145 l.

271 4172 288 4227 6
305 4174 517 4243 ottarpissimam
534 4173 583 4229 aed
597 4175 692 4243 prim
709 4178 723 4230 t
740 4180 806 4230 meet.
824 4176 856 4230 ab
871 4175 882 4229 i
900 4178 940 4232 A:
959 4178 1142 4246 turpissimam
1161 4178 1233 4245 (ocae
1245 4179 1281 4243 ci)
1300 4177 1328 4234 B

271 4259 289 4314 8
307 4262 338 4313 ut
354 4260 382 4314 Β
399 4274 420 4314 a.
439 4260 457 4314 l.
561 4260 593 4315 11
617 4259 719 4316 domini
741 4261 844 4330 gloriae
866 4262 894 4318 Β
999 4265 1031 4319 lb
1051 4279 1120 4333 quae
1137 4264 1165 4318 A
1182 4281 1218 4320 oo.
1235 4266 1256 4318 2
1271 4280 1292 4319 a.
1310 4262 1328 4318 ι.

273 4344 306 4398 19
325 4344 438 4412 probeat
456 4347 483 4400 Δ
501 4349 528 4400 ct
539 4344 684 4401 ᾱιιιίιιαιιιι
695 4347 909 4404 Rittarebaao'ua:
933 4349 1075 4418 perbibent
1093 4350 1121 4404 Β
1218 4350 1253 4406 ΒΟ
1270 4350 1407 4408 Christus

273 4428 348 4484 Iesus
367 4430 395 4484 B
497 4430 530 4486 25
548 4430 625 4486 nobis
643 4432 790 4502 exemplum
809 4434 835 4488 Β
937 4435 972 4490 28
988 4435 1103 4505 reliquid
1120 4436 1148 4490 Β
