3132 5096
449 453 955 546 regnoarauer'mnsao-ss.
1227 475 1270 542 95

140 688 174 734 se
196 668 281 734 bona
303 667 433 746 discere,
456 666 540 749 quod
562 666 682 732 motam
704 684 737 732 se
758 665 885 732 sanctae
906 664 987 748 legis
1008 664 1175 748 praecepta
1195 666 1272 728 reti·

140 790 226 838 nere.
257 770 286 836 si
309 768 394 836 onim
408 769 491 836 bona
505 767 672 848 discerent,
693 768 768 834 boni
783 767 896 834 esseut.
926 766 1002 834 talis
1025 767 1163 850 profecto
1187 766 1274 832 scota

140 874 190 940 eet
211 874 321 956 quales
335 874 369 938 et
382 875 567 938 sectatores:
591 872 648 939 boc
664 871 739 938 suut
753 870 869 954 absque
891 866 995 949 dubio,
1019 869 1102 953 quod
1116 871 1273 936 docentur.

139 980 271 1061 apparot
291 977 397 1060 raquo
411 977 444 1039 et
464 976 641 1059 prophetas,
664 992 741 1058 quos
765 974 891 1056 habent,
914 973 1131 1056 impuritatem
1153 973 1273 1053 docere,

117 1083 172 1145 eet
188 1078 357 1162 apostolos,
380 1097 456 1162 quos
470 1079 588 1164 legunt,
612 1077 734 1144 nefaria
749 1077 897 1156 sanxisse,
914 1079 946 1142 et
963 1076 1137 1160 euangelia,
1160 1075 1273 1161 quibus

137 1183 338 1261 imbuuntur,
361 1183 438 1249 haec
460 1201 539 1266 quae
561 1183 624 1266 ipsi
639 1181 761 1248 faciunt
775 1180 962 1264 praedicare.
991 1182 1148 1264 postremo
1163 1179 1325 1248 sancta84
1434 1261 1437 1266 Ι

139 1305 159 1353 a
181 1285 371 1352 Christianis
401 1284 524 1369 fierent,
554 1285 582 1349 si
605 1283 749 1350 Christus
776 1285 884 1351 sancta
907 1283 1074 1351 docuisset.
1112 1282 1273 1350 aestimari

138 1391 250 1474 itaque
271 1393 309 1457 de
338 1389 512 1454 cultoribus
545 1390 610 1454 suis
642 1388 747 1472 potest
778 1387 834 1452 ille
867 1387 921 1470 qui
956 1385 1080 1452 colitur.
1120 1387 1273 1469 quomodo

139 1494 228 1560 enim
250 1495 349 1560 bonus
370 1493 521 1578 magister
542 1495 600 1572 ast,
624 1492 713 1558 cuius
735 1494 802 1556 tam
826 1489 925 1556 malos
940 1490 1082 1556 uidemus
1098 1508 1164 1558 esse
1179 1489 1270 1556 disci·

106 1597 257 1680 ropulos?
289 1617 325 1662 ex
347 1597 415 1681 ipso
445 1596 530 1662 enim
553 1593 727 1662 Christiani
748 1596 838 1673 sunt,
868 1593 972 1676 ipsum
1000 1593 1145 1671 audiunt,
1169 1593 1274 1676 ipsum

138 1701 263 1784 legunt.
300 1703 482 1782 promptum
505 1701 552 1766 est
574 1701 716 1765 omnibus
739 1695 857 1764 Christi
883 1696 1066 1782 intellegere
1090 1696 1272 1764 doctrinam.

140 1803 217 1869 uide
231 1802 404 1870 Christiani
425 1801 501 1886 quid
524 1805 631 1884 agant,
654 1802 686 1867 et
709 1802 870 1868 euidenter
890 1800 980 1884 potes
995 1802 1033 1866 de
1049 1797 1175 1866 Christo
1197 1801 1274 1865 scire
1406 1813 1408 1818 ·

140 1907 219 1989 quid
252 1909 372 1972 doceat.
409 1905 541 1990 denique
570 1923 663 1989 quam
692 1923 788 1987 prauo
810 1921 846 1969 ac
867 1903 983 1968 nefarie
1013 1905 1128 1987 pagani
1149 1903 1325 1985 ermperto

141 2008 180 2073 de
202 2008 302 2075 sacris
329 2009 493 2076 dominicis
522 2009 642 2092 opinati
670 2008 743 2087 sint,
773 2007 883 2074 docent
903 2010 1138 2089 persecutorum
1159 2007 1274 2072 imma-

110 2113 232 2178 cnium
263 2112 498 2178 cruentissimae
527 2111 742 2194 quaestiones,
772 2112 826 2194 qui
856 2109 889 2175 in
911 2110 1072 2176 sacrificiis
1094 2110 1274 2178 christianis

141 2215 224 2281 nihil
258 2215 345 2282 aliud
376 2233 470 2298 quam
504 2216 628 2298 impura
660 2217 813 2297 quasdam
845 2213 913 2280 heri
947 2218 1041 2296 atque
1068 2214 1275 2280 abominanda

142 2317 321 2384 credebant.
359 2317 513 2401 siquidem
541 2318 639 2384 etiam
660 2317 752 2382 initia
773 2317 843 2401 ipsa
865 2320 991 2383 nostrae
1014 2315 1175 2396 religionis
1196 2336 1274 2383 nou·

142 2423 204 2488 nisi
227 2441 247 2488 a
272 2421 392 2488 duobus
408 2423 551 2488 maximis
574 2421 764 2490 facinoribus
780 2419 855 2486 oriri
871 2420 1114 2499 arbitrabantur,
1136 2420 1274 2502 primum

142 2526 267 2592 scilicet
289 2525 465 2604 homicidio,
489 2524 612 2603 deinde,
636 2524 718 2608 quod
734 2523 900 2590 homicidio
917 2525 964 2590 est
980 2524 1117 2608 grauim,
1140 2523 1273 2602 incestu,

112 2647 201 2694 onec
222 2629 392 2696 homicidio
413 2629 515 2696 solum
537 2632 569 2694 et
590 2630 721 2709 incestu,
748 2628 803 2694 sed
826 2631 908 2711 quod
929 2628 1105 2695 sceleratius
1128 2627 1275 2710 quiddam

145 2738 193 2799 est
215 2735 337 2799 incestu
358 2731 427 2816 ipso
442 2734 475 2798 et
496 2731 676 2813 homicidio,
699 2732 821 2798 incestu
844 2734 983 2797 matrum
1006 2733 1275 2799 sacrosanctarum

146 2837 178 2902 et
199 2836 368 2902 homicidio
390 2837 601 2902 innocentium
615 2837 830 2918 paruulomm,
852 2853 929 2918 quos
951 2851 1014 2902 non
1029 2835 1128 2902 occidi
1150 2838 1276 2901 tautum

146 2938 376 3019 aOhristianis,
398 2939 460 3017 sed,
483 2939 565 3022 quod
587 2938 690 3022 magis
712 2938 957 3004 abominandum
979 2940 1038 3017 est,
1062 2939 1158 3004 etiam
1173 2941 1277 3006 uoraui

146 3042 386 3110 existimabant:
415 3042 547 3110 ethaeo
569 3042 675 3108 omnia
697 3043 737 3136 ad
758 3043 944 3127 placandum
967 3042 1070 3124 deum,
1100 3042 1189 3127 quasi
1210 3041 1276 3108 ullo

114 3146 284 3214 sfaoinore
304 3146 406 3232 magis
429 3149 533 3229 posset
554 3145 679 3224 offendi,
704 3145 745 3211 ad
765 3146 963 3232 purgandum
984 3146 1156 3228 piaculum,
1187 3144 1276 3228 quasi

147 3250 250 3316 ullum
273 3248 358 3316 aliud
380 3251 481 3315 maius
497 3252 589 3330 asset,
613 3249 652 3314 ad
668 3250 944 3316 commendandum
966 3247 1162 3327 sacrificium,
1186 3247 1277 3331 quasi

199 3473 213 3526 1
233 3470 344 3542 discam]
363 3470 448 3526 dicero
465 3470 495 3525 Β
597 3469 614 3524 2
632 3468 697 3523 talis
715 3484 750 3525 coc
766 3469 835 3524 tales
852 3469 881 3524 A
898 3484 968 3525 corr.
980 3471 1048 3525 m.2
1145 3469 1277 3525 bdocent

147 3557 194 3612 aad
210 3573 269 3612 rao.
288 3572 377 3626 oucprc
395 3558 409 3611 t
427 3557 468 3613 uc.
486 3556 514 3611 A
616 3556 634 3610 5
656 3556 789 3610 sancxisee
812 3556 840 3610 A
943 3556 959 3609 7
982 3556 1120 3611 aestimari
1138 3571 1174 3612 eor
1191 3572 1234 3610 -ro
1249 3557 1277 3609 A

148 3659 216 3702 corr.
233 3660 271 3700 m.
289 3646 310 3698 2
332 3644 397 3698 ttcau
413 3643 508 3698 παιᾶνι
526 3642 574 3705 ille
591 3640 708 3712 aucillis,
734 3643 820 3720 malm
838 3658 873 3696 cc
890 3641 985 3708 melus,
1012 3641 1135 3718 uidemus
1153 3657 1188 3698 ec
1205 3640 1276 3696 uidi·

147 3746 206 3784 mus
312 3730 344 3783 ll
367 3727 473 3799 legunt]
497 3728 613 3784 audiunt
636 3729 687 3798 (ato
704 3728 816 3794 derum)
838 3728 866 3782 Β
970 3729 1004 3784 12
1026 3727 1182 3784 christianis
1199 3727 1277 3783 aede

148 3816 228 3882 fiscali
249 3821 348 3884 pumat.
375 3815 404 3869 A
431 3812 593 3870 christianos
618 3815 647 3870 Β
757 3816 847 3886 potest
869 3814 917 3870 aad
934 3815 948 3867 t
963 3815 1045 3882 fistuli
1062 3821 1161 3885 mmet.
1181 3814 1210 3869 A

19 3905 20 3960 l
150 3901 180 3956 13
203 3902 273 3972 quid
289 3901 384 3956 dooaat
401 3917 436 3956 ca
453 3900 526 3970 quod
543 3900 571 3956 d.
588 3901 616 3955 A
634 3915 703 3956 corr.
723 3901 797 3960 Μ
900 3900 1014 3972 deniquo
1032 3917 1062 3958 ao
1080 3916 1160 3972 quam
1182 3899 1211 3956 Β

19 4047 20 4060 χ
149 3988 180 4042 14
205 3990 426 4062 pemaquutorum
452 3986 480 4042 Β
585 3987 618 4042 16
645 3985 843 4042 abhominanda
868 3986 917 4041 aad
939 3987 1030 4046 huot.
1054 3987 1083 4044 A
1107 3987 1172 4042 dem
1189 3985 1279 4056 paca

19 4071 20 4142 l
146 4079 208 4144 post
314 4072 561 4145 ltotiamosu.B
665 4073 1140 4130 litoriricocoriraAcorr.oa2
1236 4087 1279 4126 ar·

19 4143 21 4234 5
150 4158 286 4216 bitrantur
303 4160 332 4214 Β
426 4160 459 4216 19
476 4164 518 4216 est
535 4177 585 4216 oua
605 4159 633 4214 Β
648 4164 713 4215 m.1
806 4160 842 4214 20
859 4175 907 4214 noo
925 4159 1211 4228 homicidio—incestu
1226 4173 1281 4218 osa.

19 4253 21 4322 g
153 4245 177 4302 Β
192 4250 257 4302 nai
351 4246 459 4317 quidem
476 4262 512 4302 cc
529 4245 639 4316 queam
657 4247 685 4301 A
702 4262 775 4304 corr.
792 4248 861 4302 Μ
879 4245 1018 4316 (quiddam
1035 4245 1064 4300 Β
1081 4249 1109 4302 ot
1124 4245 1157 4300 ia
1173 4262 1191 4302 o
1207 4259 1281 4306 corr·

19 4341 21 4402 ζ
152 4332 347 4403 Bromiounua)
386 4389 389 4396 ,
438 4334 474 4388 25
490 4337 579 4404 posset
596 4333 744 4388 Halmium.-
769 4333 855 4404 possit
872 4333 928 4387 AB
945 4332 1062 4402 (duell.)
1171 4333 1207 4388 26
1223 4347 1281 4388 man

19 4405 21 4496 u
153 4417 237 4487 ee
748 4457 751 4463 -

20 4533 21 4562 l
