3132 5096
277 481 319 548 96
765 437 923 532 Saluiani

276 670 376 736 ullam
398 687 465 733 rem
495 668 638 735 dominus
668 667 769 754 magis
803 669 905 750 posset
938 665 1072 745 horrare,
1106 665 1145 730 ad
1171 663 1409 749 promerendam

276 775 377 840 uitam
399 777 575 850 aeternam,
607 772 697 856 quasi
718 790 810 852 uero,
841 770 968 837 etiamsi
990 770 1088 854 possit
1110 769 1158 834 his
1179 769 1273 834 rebus
1297 769 1408 852 accipi,

276 876 360 941 tanti
382 877 463 941 esset
485 877 533 942 ad
549 893 617 941 eam
639 894 695 958 per
717 877 832 941 scelera
853 875 919 940 tam
942 875 1094 940 immania
1115 874 1288 957 peruenire.

224 998 267 1065 86
318 995 437 1062 XVIII.
472 997 660 1081 intellegere
689 1014 762 1081 ergo
792 1013 966 1079 possumus,
998 999 1053 1060 aut
1076 994 1183 1078 quales
1204 1011 1270 1059 esse
1293 992 1409 1076 pagani

277 1101 465 1165 crediderint
487 1099 690 1178 Christianos,
718 1099 772 1182 qui
799 1099 916 1165 talibus
944 1097 1105 1163 sacnticiis
1135 1096 1228 1162 deum
1258 1097 1444 1175 colerento

276 1204 331 1267 aut
353 1203 478 1285 qualem
501 1203 670 1270 sollicitent
693 1204 787 1269 deum
809 1203 929 1285 ipsum,
958 1203 1012 1284 qui
1033 1201 1110 1266 haec
1131 1219 1217 1266 saera
1240 1199 1408 1266 docuisset.

275 1309 306 1372 et
328 1307 387 1372 hoc
410 1327 464 1373 cur
486 1309 554 1373 ita?
586 1326 642 1373 cur
675 1306 784 1389 utique
818 1304 878 1371 nisi
900 1306 939 1372 ob
970 1321 1030 1384 eos,
1066 1304 1120 1387 qui
1143 1303 1317 1369 Christiani
1342 1321 1408 1370 essa
1550 1289 1551 1308 *

275 1410 423 1476 dicuntur
445 1415 478 1476 et
500 1429 563 1476 non
596 1410 680 1490 sunt,
714 1411 768 1492 qui
800 1429 856 1492 per
883 1407 1005 1492 flagitia
1028 1425 1065 1473 ac
1087 1407 1302 1490 turpitudines
1336 1425 1408 1472 suas

276 1529 390 1579 nomen
413 1513 574 1598 religionis
596 1513 768 1594 infamant,
792 1516 860 1596 qui,
883 1516 920 1578 ut
942 1514 1095 1595 scriptum
1119 1513 1181 1591 est,
1216 1511 1354 1578 fatentur
1375 1529 1408 1575 se

276 1635 366 1682 nosse
399 1616 503 1699 deum,
537 1615 632 1683 laetis
665 1617 771 1683 autem
800 1617 925 1699 negant,
947 1635 1018 1681 cum
1040 1617 1104 1681 sint
1126 1615 1353 1682 abominabiles
1376 1613 1409 1678 et
1418 1630 1443 1670 ιο

274 1719 436 1803 increduli,
458 1721 498 1788 ad
521 1739 611 1786 omne
635 1723 740 1787 autem
764 1739 841 1804 opus
862 1719 980 1785 bonnm
1002 1720 1140 1803 reprobi;
1173 1739 1228 1802 per
1257 1737 1343 1802 quos,
1370 1719 1409 1782 ut
1551 1709 1552 1726 ¹

276 1823 418 1907 legimus,
452 1825 506 1888 uia
534 1822 677 1888 ueritatis
705 1823 941 1906 blasphematur
970 1825 1001 1888 et
1029 1827 1267 1888 sacrosanctum
1289 1820 1407 1886 domini

225 1925 265 1992 87
276 1929 325 1992 dei
347 1945 461 1993 nomen
477 1927 700 2011 sacrilegorum
715 1927 877 1992 hominum
892 1926 1111 1992 maledictione
1126 1927 1290 1992 uiolaturi
1313 1942 1407 2008 quam

276 2028 380 2114 mauis
408 2031 513 2094 autem
537 2047 574 2094 ae
596 2029 766 2114 singularis
794 2029 910 2111 piaculi
939 2031 1058 2094 malum
1086 2029 1129 2094 sit
1152 2047 1266 2096 nomen
1288 2027 1406 2093 diuini·

275 2134 352 2197 tatis
380 2132 413 2196 in
442 2132 671 2214 blasphemiam
699 2131 843 2216 gentium
871 2133 955 2212 dare,
986 2133 1083 2198 etiam
1105 2131 1210 2198 Dauid
1232 2130 1407 2199 beatissimi
1418 2149 1444 2190 ιε

276 2237 439 2302 edocemur
472 2235 626 2316 exemplo:
666 2236 719 2317 qui
754 2253 827 2300 cum
861 2235 1010 2318 suffragio
1046 2235 1240 2302 iustitiamm
1278 2253 1407 2301 suarum

277 2341 438 2404 aeternam
470 2357 525 2420 pro
559 2337 778 2403 offensionibus
812 2340 876 2403 suis
910 2356 1041 2420 poenam
1076 2359 1130 2422 per
1163 2359 1257 2406 unam
1279 2339 1406 2404 tantum

276 2439 501 2507 confessionem
524 2441 671 2506 meruerit
700 2442 847 2520 euadere,
875 2442 967 2507 huius
989 2442 1096 2508 tamen
1119 2443 1259 2507 criminis
1281 2440 1406 2507 ueniam

275 2562 334 2612 nec
355 2565 412 2630 per
441 2543 669 2627 paenitentiam
702 2546 950 2628 patrocinantem
982 2547 1086 2629 potuit
1118 2545 1295 2628 impetrare.
1333 2561 1406 2609 nam

276 2667 347 2714 cum
370 2647 398 2712 ei
421 2665 539 2712 errores
569 2647 708 2730 proprios
738 2645 899 2713 confitenti
922 2645 1061 2713 Natham
1083 2647 1235 2732 propheta
1258 2648 1441 2714 dixissetzne

275 2751 492 2817 transtulit
515 2752 608 2816 deus
631 2754 836 2835 peceatum
858 2756 983 2831 tunm,
1012 2770 1086 2817 non
1107 2751 1308 2829 morieris,
1332 2755 1406 2818 sub·

276 2854 356 2920 didit
384 2855 510 2920 statim:
540 2857 821 2921 cerumtamen
844 2855 936 2937 qnia
958 2854 1242 2938 blasphemare
1264 2855 1406 2920 fecisti

275 2958 462 3024 inimicos
496 2957 644 3024 domini
676 2960 842 3043 propter
873 2958 1032 3024 uerbum
1061 2959 1152 3038 hocs
1181 2959 1316 3038 filine,
1341 2959 1406 3042 qui
1515 2943 1518 2958 ’

224 3061 376 3128 Stante
397 3064 511 3127 natus
535 3066 606 3141 est,
637 3059 839 3128 morietur.
879 3064 1010 3145 etquid
1038 3062 1231 3145 posthaec?
1264 3063 1405 3147 deposito

275 3165 398 3231 scilicet
428 3165 604 3256 diademate
632 3165 781 3248 proiectis
810 3166 953 3249 gemmis,
984 3168 1095 3232 cnutus
1117 3167 1264 3250 purpuris
1286 3170 1406 3232 remoto
1415 3185 1440 3228 aa

276 3269 362 3334 omni
384 3270 548 3351 splendore
570 3269 674 3352 regiae
696 3269 876 3353 dignitatis,
907 3287 979 3334 cum
1007 3289 1060 3352 pre
1089 3271 1139 3334 his
1162 3271 1307 3336 omnibus
1330 3270 1406 3360 soli-

274 3373 374 3438 tarius
407 3392 536 3456 gemens
570 3372 690 3452 clusus,
725 3390 814 3462 sacco
848 3373 1010 3455 squalidus
1037 3373 1115 3438 fletu
1136 3374 1280 3440 madidus
1303 3375 1406 3440 cinere

275 3474 461 3555 sordidatus,
495 3475 598 3543 uitam
627 3474 752 3560 paruuli
784 3477 833 3540 sui
867 3475 916 3541 tot
948 3475 1212 3543 lamentationum
1245 3477 1405 3560 suffragiis

376 3655 570 3724 amum
672 3629 917 3722 numan
1018 3655 1306 3724 mmmmm

327 3820 343 3874 1
368 3822 459 3888 posset
476 3833 510 3874 aec
526 3820 614 3888 possit
637 3821 663 3873 A
680 3835 750 3875 corr.
768 3834 804 3874 aa.
822 3821 854 3874 2:
884 3819 971 3888 pessit
992 3819 1020 3873 B
1109 3819 1140 3873 ’3
1160 3819 1289 3874 immania
1306 3835 1341 3875 cc
1357 3821 1408 3874 im-

275 3906 393 3960 maniam
410 3919 482 3960 occu.
504 3905 549 3959 Tc
565 3921 600 3959 m.
611 3907 643 3961 2:
671 3905 828 3959 immanium
845 3906 873 3960 A
890 3906 923 3960 a‘a
940 3921 998 3976 qao
1007 3906 1151 3974 praeeedit
1168 3907 1326 3962 sceleratam
1344 3908 1412 3975 (ste)

275 3997 300 4046 et
318 3992 347 4046 B
437 3979 573 4060 perueniri
591 3991 619 4045 B
712 3992 840 4060 4quales
858 4007 892 4046 ca
907 3992 995 4061 qualis
1013 3993 1041 4046 A
1058 4007 1127 4047 cerr.
1146 3995 1213 4046 Μ
1285 3996 1289 4008 “
1309 3992 1343 4046 10
1361 3991 1407 4046 ab·

274 4078 459 4133 hominabilas
472 4078 540 4131 A
601 4069 637 4132 15
655 4077 806 4132 beatissimi
824 4093 858 4132 eac
877 4095 931 4133 -me
948 4080 976 4132 A
993 4091 1064 4133 corr
1081 4081 1149 4132 Μ
1253 4079 1285 4133 19
1306 4078 1408 4147 poenit.
1514 4113 1516 4118 ,

276 4179 311 4218 ec
326 4166 410 4233 penit.
427 4165 455 4219 A
473 4179 543 4220 corr.
560 4180 595 4219 aa.
612 4167 631 4219 2
727 4161 762 4218 20
779 4164 880 4219 nathan
898 4164 926 4219 Β
987 4165 1058 4219 25
1075 4164 1161 4238 erutis
1179 4164 1208 4218 B
1305 4166 1428 4217 mmote

276 4249 428 4306 Bataua:
453 4253 556 4306 remota
526 4250 608 4304 tB
629 4251 666 4318 (et
682 4250 739 4304 ΔΤ
759 4250 832 4318 qaod
855 4250 933 4320 apud
954 4249 1098 4306 Halmium
1121 4249 1208 4318 deest)
1321 4249 1408 4319 splen-

258 4336 338 4390 dore
355 4339 445 4406 regiae
463 4337 666 4407 dignitatisi':
680 4336 842 4405 splendoris
860 4337 949 4407 reglau
966 4337 1104 4407 <lignitate
1121 4336 1178 4392 AB
1247 4335 1315 4390 27
1335 4337 1408 4391 clau

276 4437 321 4476 sus
338 4421 366 4475 B
470 4439 543 4501 sacco
561 4440 595 4480 eae
612 4439 689 4479 saecu
706 4423 734 4476 A
751 4438 821 4480 corr.
839 4439 875 4478 m.
893 4426 912 4478 2
