3178 5100
207 460 271 528 222
696 457 854 511 Saluiani

208 649 416 726 salubritatis,
440 649 562 714 minere
585 651 716 716 forsitan
738 650 850 716 fierent
864 667 919 731 per
934 667 1045 714 nomen
1062 647 1207 713 auctoris.
1241 646 1337 712 habet

206 753 312 834 itaque
335 753 474 835 quisquis
496 752 552 817 ille
574 756 632 830 est,
662 753 716 835 qui
738 753 880 836 requirit,
903 771 958 816 cur
982 751 1120 816 alienum
1143 767 1258 816 nomen
1279 750 1335 816 ad·

155 858 349 938 lisumpsit.
386 857 485 920 restat
517 856 618 922 dicere
653 874 709 920 cur
737 856 905 920 Timothei.
945 859 1025 937 qued
1055 857 1092 920 ut
1115 855 1266 927 dicemus,
1296 856 1337 920 ad

206 961 365 1024 auctorem
389 960 488 1027 denuo
511 961 666 1024 reuersuri
696 978 814 1026 sumus.
852 961 877 1025 is
901 961 985 1023 enim
1008 977 1172 1024 causarum
1194 959 1337 1024 omnium

206 1080 299 1128 cansa
332 1063 394 1128 est:
430 1064 484 1144 qui
517 1063 597 1128 sicut
631 1062 805 1128 humilitati
838 1062 999 1144 praestitit
1032 1066 1068 1127 ut
1103 1062 1255 1142 alienum,
1290 1063 1375 1128 sice

205 1167 313 1232 timeri
335 1169 428 1248 atque
452 1165 604 1232 cautellae
626 1169 662 1230 ut
685 1166 841 1232 Timothei
860 1185 977 1242 „nemen
1007 1166 1165 1231 scriberet.
1204 1163 1337 1247 pauidus

207 1270 319 1352 quippe
352 1270 401 1334 est
434 1271 467 1336 et
502 1269 719 1336 formidolosus
751 1287 787 1334 ac
820 1288 1052 1352 nonnumquam
1088 1270 1184 1336 etiam
1217 1269 1337 1334 leuium

207 1373 437 1438 mendaciorum
472 1373 565 1455 fugax
598 1376 691 1455 atque
724 1373 757 1438 in
786 1379 911 1440 tentum
945 1393 1073 1456 peceare
1107 1377 1266 1449 metuens,
1301 1375 1337 1436 ut

156 1476 365 1546 lainterdum
387 1479 419 1540 et
442 1493 502 1540 nen
530 1477 670 1542 timenda
700 1477 856 1542 formidet.
894 1495 967 1542 cum
991 1496 1062 1559 ergo
1091 1477 1339 1542 subtraherem

206 1581 300 1646 titulo
330 1599 441 1646 nemen
469 1600 561 1648 suum
584 1585 614 1646 et
638 1582 772 1650 inserere
796 1581 893 1646 uellet
914 1583 1065 1664 alienum,
1095 1582 1201 1645 timuit
1223 1579 1256 1644 in
1279 1579 1378 1644 heere

206 1684 370 1750 nominum
400 1684 643 1752 commutatione
672 1684 880 1768 mendacium,
911 1703 1106 1767 nequaquam
1136 1683 1256 1748 scilicet
1280 1683 1338 1746 ed·

206 1787 395 1852 mittendam
429 1789 543 1872 putans
577 1788 673 1854 etiam
707 1790 737 1853 in
773 1788 876 1854 officie
910 1787 1012 1854 sancti
1044 1786 1145 1869 operis
1180 1786 1339 1850 maculam

208 1891 365 1956 falsitatis.
404 1893 522 1974 pesitus
556 1894 661 1974 itaque
690 1891 723 1956 in
751 1892 809 1957 hec
838 1892 1004 1974 ambiguae
1033 1889 1188 1972 opinionis
1218 1889 1339 1952 incerto

208 1995 363 2076 optimum
396 1994 461 2060 fere
497 1995 636 2072 credidit,
670 1999 706 2058 ut
732 1994 816 2060 beati
846 1996 1056 2078 euangelistae
1088 1993 1340 2058 secretissimum

208 2101 388 2178 sequeretur
422 2099 605 2181 exemplum,
641 2098 695 2180 qui
722 2099 754 2163 in
783 2102 914 2180 utreque
948 2097 1047 2164 diuini
1079 2099 1179 2178 operis
1213 2095 1380 2160 exordiens

208 2198 371 2282 Theophili
392 2219 505 2266 nemen
525 2201 705 2278 inscribens,
730 2203 857 2267 eumad
880 2202 1040 2268 homiuem
1055 2201 1216 2284 scripsisse
1231 2201 1339 2264 uides·

207 2309 269 2387 tur,
298 2303 498 2378 emembrem
527 2306 577 2370 dei
604 2305 738 2388 scripsit,
772 2305 831 2370 hec
866 2304 988 2374 scilicet
1021 2304 1242 2388 dignissimum
1272 2321 1340 2368 esse

207 2407 363 2490 iudicans,
395 2409 430 2471 ut
453 2409 491 2474 ad
522 2408 625 2490 ipsum
655 2407 802 2474 affectum
826 2409 876 2473 dei
900 2410 1018 2490 scripta
1040 2409 1206 2492 dirigeret,
1237 2423 1339 2488 aque

158 2513 247 2581 litari
270 2511 469 2580 scribendum
492 2511 636 2595 inpulsus
658 2514 748 2578 esset.
780 2513 837 2578 hec
852 2531 924 2596 erge
941 2515 1038 2578 etiem
1061 2515 1192 2593 scriptor
1214 2511 1274 2587 bio,
1298 2509 1339 2574 de

208 2633 268 2697 quo
296 2615 463 2696 loquimur,
498 2635 573 2680 usus
610 2617 658 2680 est
685 2617 868 2698 argumente
899 2621 992 2698 atque
1022 2616 1161 2682 coneilio.
1199 2613 1338 2680 conscius
1350 2633 1383 2676 ee

209 2718 293 2782 enim
323 2719 382 2784 sibi
405 2719 449 2782 sie
472 2735 504 2782 se
527 2718 632 2788 emnia
653 2719 687 2784 in
709 2718 836 2802 scriptis
866 2719 930 2784 suis
953 2737 1008 2801 pre
1031 2718 1081 2784 dei
1110 2718 1224 2784 honore
1254 2717 1339 2783 sicut

137 2823 140 2829 '
207 2820 300 2885 illum
322 2837 377 2900 pro
400 2820 450 2886 cei
473 2840 576 2892 umere
606 2822 730 2901 fecisse,
763 2841 825 2904 qua
848 2823 971 2888 ratione
991 2822 1048 2890 ille
1071 2821 1251 2904 Theophili,
1280 2823 1339 2886 bae

209 2923 306 2992 etiam
333 2923 385 2988 bic
413 2925 571 2992 Timothei
602 2944 714 2992 nemen
742 2925 919 3008 inscripsit;
954 2945 1028 2992 nam
1059 2926 1140 2990 sicut
1170 2923 1336 3006 Theophil'

209 3025 360 3098 uocabulo
382 3045 469 3093 emer
491 3027 535 3092 sic
550 3028 709 3098 Timothei
731 3029 830 3096 hener
852 3030 1029 3100 diuinitatis
1052 3029 1243 3111 exprimitur.
1275 3029 1302 3092 it
1323 3064 1339 3078 -

209 3149 268 3213 que
290 3150 362 3198 cum
384 3129 464 3214 legis
480 3132 681 3198 Timotheum
703 3119 742 3198 a'cl
764 3132 927 3198 ecclesiam
943 3133 1114 3215 scripsisse,
1138 3133 1195 3197 hoc
1209 3130 1384 3196 intelle-es

209 3252 281 3324 gere
304 3234 408 3311 debes
432 3251 487 3317 pro
509 3235 623 3300 honere
646 3235 695 3300 dei
718 3235 758 3300 ad
780 3236 946 3302 ecclesiam
969 3235 1120 3316 seriptum
1143 3254 1218 3317 esse,
1240 3235 1340 3298 imme

208 3338 312 3419 petius
345 3337 449 3420 ipsum
483 3338 630 3406 honorem
664 3339 714 3407 dei
748 3339 864 3420 scripta
895 3339 1027 3406 misisse.
1062 3339 1135 3420 quie
1162 3339 1243 3404 recte
1272 3337 1340 3419 ipse

313 3569 347 3624 14
364 3569 427 3622 Luc.
447 3571 471 3635 1,
489 3570 505 3621 3
558 3571 617 3622 Act.
638 3570 661 3633 1,
681 3571 696 3622 1

263 3785 280 3836 2
304 3785 472 3854 assumptum
496 3783 540 3850 (ed
564 3799 584 3838 s.
601 3785 632 3850 p)
657 3784 694 3834 sit
716 3798 752 3836 coc
773 3783 919 3848 assumpsit
944 3782 971 3835 B
994 3797 1064 3837 cerr.
1087 3799 1122 3839 m.
1140 3787 1172 3850 2,
1200 3788 1266 3852 etp
1294 3783 1342 3836 ad·

210 3871 354 3940 sumpserit
372 3871 503 3924 Halmius
605 3870 622 3922 4
646 3869 680 3940 is]
697 3868 740 3920 his
763 3868 791 3922 B
895 3869 1046 3922 beautelle
1064 3869 1091 3921 B
1117 3869 1270 3937 cautelaep

209 3957 338 4012 scriberet
353 3957 420 4026 Bp,
450 3956 525 4022 ‘feet
543 3951 707 4014 inscriberet
727 3955 873 4022 Helenus,-
900 3955 1096 4020 ef.§.19.20
1198 3955 1343 4010 timenda-

209 4047 307 4100 tierem
333 4045 362 4098 B
466 4046 483 4098 9
509 4061 537 4098 e*
559 4045 641 4100 titulo
666 4043 714 4111 (ef.
731 4049 755 4108 ἕ,
775 4045 820 4110 14)
844 4043 871 4096 Β
901 4045 929 4094 et
953 4043 1035 4096 titulo
1060 4059 1082 4111 p
1185 4043 1219 4096 10
1243 4035 1342 4097 timuit

208 4131 361 4188 Beluzim:
379 4131 505 4184 timothei
518 4130 569 4198 Bp
656 4130 687 4186 11
707 4129 915 4188 commutacione
933 4145 967 4182 ec
986 4145 1064 4183 -num
1083 4129 1110 4182 B
1122 4145 1192 4194 corr,
1205 4131 1272 4182 mv.2

210 4216 244 4270 14
260 4215 317 4269 fere
335 4232 370 4270 cx
386 4215 460 4269 fuere
477 4213 506 4268 B
524 4231 593 4269 cerr.
611 4219 682 4274 m.‚2
779 4214 981 4282 euuangelistae
999 4215 1027 4268 B
1131 4215 1164 4268 16
1182 4214 1287 4268 theofili
1306 4215 1343 4281 B,

210 4306 241 4356 ut
262 4309 286 4366 §-
305 4306 338 4358 19
441 4302 473 4356 21
502 4301 705 4356 sieut-amore
732 4317 781 4356 cuc.
808 4314 844 4370 p
929 4301 964 4354 23
991 4316 1087 4354 nemen
1113 4301 1251 4370 inscripsit
1279 4299 1341 4356 Jue.

209 4389 322 4458 Meyer:
353 4387 470 4444 nominis
489 4391 545 4456 (-nc
559 4392 593 4457 p)
612 4388 719 4457 scripsit
736 4387 788 4456 Bp
891 4389 926 4440 25
943 4388 1072 4456 intellege
1089 4389 1117 4441 B
