3172 5098
510 514 549 567 ad
566 513 743 568 ecclesiam
766 511 826 568 1111
845 515 860 576 ξ
877 511 954 568 3-8.
1231 511 1296 578 303

169 709 240 773 cani
266 709 299 772 in
327 704 463 789 pueritia
493 721 555 768 non
584 703 816 782 insomniato,
852 704 977 768 nonin
999 703 1087 766 statu
1121 717 1224 767 rerum
1247 701 1297 766 in-

168 811 339 876 columium
373 827 434 874 non
462 807 495 874 in
524 808 782 891 prosperitatibus
810 807 1038 872 secundorum?
1071 806 1192 872 scilicet
1225 807 1297 888 quia

167 916 203 980 in
235 913 285 978 his
318 911 462 980 omnihus
494 911 645 995 quidquid
681 911 828 976 landatur
863 910 1019 975 incertum
1052 914 1108 976 est.
1127 951 1130 958 .
1147 910 1297 990 quamdiu

85 1031 86 1035 ’
168 1021 251 1082 enim
274 1016 344 1098 quie¹
368 1016 509 1082 subiacet
531 1015 709 1092 mutationi,
737 1033 800 1080 non
820 1015 924 1097 potest
946 1029 1017 1078 cnm
1040 1014 1206 1082 securitate
1228 1016 1298 1078 lau·

146 1123 236 1188 ederi
258 1123 290 1185 et
311 1119 388 1194 ideo,
411 1123 448 1184 ut
471 1118 527 1197 ait,
556 1119 758 1201 sapientia
785 1118 823 1182 in
852 1119 960 1182 exitu
990 1117 1157 1182 neultur.
1194 1117 1298 1182 oriens

168 1226 254 1289 enirn
283 1225 354 1307 quis
384 1223 421 1288 de
451 1223 579 1288 incertis
611 1222 822 1304 periculorum
853 1222 973 1286 certum
1004 1219 1175 1284 merebitur
1204 1235 1299 1284 cuasa

168 1329 310 1394 omnium
332 1345 437 1393 rerum
460 1328 614 1393 uarietate
631 1325 824 1410 suffragium,
849 1326 922 1408 qnia
935 1326 1007 1389 tum
1022 1324 1144 1390 stabilis
1160 1327 1193 1388 et
1207 1323 1297 1389 firme

167 1435 236 1496 lans
271 1433 328 1510 est,
363 1433 486 1515 quando
520 1430 671 1496 meritum
703 1431 768 1496 iam
801 1445 862 1494 non
895 1432 999 1511 potest
1034 1427 1135 1511 perire
1165 1427 1296 1494 laudati.

168 1536 391 1620 sapientie,
424 1535 536 1618 inquit,
571 1535 611 1600 iu
640 1534 747 1598 exitu
777 1535 944 1599 canitur.
979 1533 1053 1615 quid
1083 1537 1140 1613 est,
1175 1538 1326 1614 quassat

134 1639 321 1722 rosapientia
343 1637 536 1705 Christiani?
570 1640 644 1720 qnid
674 1637 733 1703 nisi
762 1639 858 1703 timor
888 1639 920 1702 et
942 1654 1029 1702 amor
1051 1635 1193 1701 Christi?
1224 1635 1298 1700 ini·

168 1745 267 1809 tium
296 1743 413 1822 enim,
442 1743 554 1826 inquit,
585 1743 809 1826 sapientiae
838 1743 956 1807 timor
979 1739 1143 1807 donnini:
1167 1743 1198 1802 ot
1221 1737 1298 1802 alibi

166 1848 364 1932 perfecta,
388 1847 500 1929 inquit,
524 1846 692 1912 dilectio
715 1845 823 1910 foras
844 1845 975 1910 mitt-it
997 1846 1188 1909 timorem.
1225 1859 1297 1926 ergo

167 1952 206 2017 nt
226 1953 378 2030 uidemus,
405 1951 533 2016 initium
555 1950 725 2033 sapientiae
748 1951 796 2014 est
818 1950 851 2014 in
873 1950 986 2014 timore
1009 1945 1127 2012 Christi
1148 1945 1297 2029 perfectio

168 2055 202 2120 in
224 2072 338 2120 amore.
372 2057 478 2137 itaque
502 2055 529 2119 si
552 2054 706 2136 sapientia
721 2053 893 2120 Christiani
916 2055 1010 2118 timor
1026 2053 1073 2117 est
1095 2054 1189 2134 atque
1211 2069 1298 2116 arnor

134 2158 295 2237 rademini,
319 2158 366 2223 ita
388 2159 515 2223 demum
537 2175 610 2223 uere
633 2157 787 2240 sapientes
811 2175 929 2237 sumus,
952 2157 980 2221 ei
1004 2158 1096 2222 deum
1119 2173 1242 2237 semper
1263 2169 1298 2218 ae

167 2281 260 2344 super
283 2263 390 2327 omnia
412 2259 591 2346 diligamus,
615 2266 646 2326 et
669 2261 727 2325 hoe
750 2278 823 2326 cum
846 2261 931 2326 omni
953 2263 1094 2342 tompore
1116 2263 1185 2323 tum
1207 2275 1298 2341 prae·

167 2368 256 2448 cipue
278 2367 311 2430 in
334 2364 419 2430 exitu
442 2369 558 2442 nostro,
582 2367 655 2447 quie
678 2365 831 2446 sapientia
853 2364 886 2428 in
909 2365 994 2428 exitu
1016 2363 1146 2427 canitur.

211 2487 255 2552 ΙΙ.
286 2485 318 2552 Si
348 2505 420 2570 ergo
449 2487 605 2569 sapientia
633 2481 690 2567 'per
711 2485 769 2551 hoo
791 2488 925 2551 maxime
947 2486 981 2549 in
1004 2483 1089 2548 exitu
1112 2481 1246 2561 canitur,
1270 2483 1327 2556 sis

168 2590 242 2656 deus
265 2589 483 2673 superomnia
507 2587 668 2674 diligatur,
698 2608 776 2672 quae
806 2589 905 2672 igitur
927 2585 1050 2653 insania
1073 2588 1130 2667 est,
1154 2586 1190 2650 ut
1213 2582 1298 2650 dieat

132 2717 159 2756 ro
169 2693 284 2776 aliquis
306 2691 468 2758 Christum
487 2693 606 2759 carnali
627 2693 854 2778 propinquitati
869 2691 1018 2774 praeponi
1033 2687 1072 2754 ab
1087 2689 1298 2754 incolumibus

168 2798 319 2878 oportere,
343 2798 589 2864 emorientibus
613 2817 674 2862 non
698 2796 834 2862 debere?
857 2813 912 2861 cur
926 2795 1010 2860 enirn
1026 2813 1098 2858 eum
1120 2791 1299 2876 praeierant

168 2900 349 2979 incolumes,
378 2899 405 2964 si
433 2919 494 2966 non
523 2902 638 2965 debent
660 2899 816 2982 praeferre
837 2899 1029 2965 morientes?
1067 2897 1122 2962 aut
1145 2898 1172 2960 si
1195 2899 1297 2979 potest

169 3004 324 3086 quispiam
346 3003 491 3087 religiose
514 3005 643 3083 agnatos
666 3004 760 3086 atqie
782 3002 898 3068 adfines
915 3021 986 3068 suos
1003 3000 1126 3066 Christo
1141 3002 1175 3064 in
1196 3001 1298 3064 morte

168 3125 366 3190 praeponere,
398 3125 452 3172 cur
481 3126 541 3172 non
571 3108 714 3191 religiose
746 3109 842 3171 etiam
867 3109 939 3170 ante
962 3106 1156 3188 praeponat?
1194 3103 1250 3168 aut
1271 3103 1299 3167 si

132 3217 218 3278 esest
246 3209 314 3275 ulla
345 3210 421 3275 hora
447 3211 480 3274 in
502 3213 571 3275 uita
593 3213 716 3292 ultima,
753 3227 814 3292 qua
847 3209 916 3291 quis
949 3209 1020 3291 plus
1055 3205 1133 3272 alios
1168 3205 1297 3288 diligere

167 3315 278 3380 debeat
300 3330 394 3398 quarn
417 3331 450 3378 se
472 3317 576 3395 ipsum
599 3316 654 3379 aut
677 3313 777 3395 deum,
802 3331 856 3378 eur
877 3330 939 3377 non
954 3313 986 3375 et
1008 3311 1041 3376 in
1058 3309 1128 3376 uita
1143 3309 1297 3376 anteriore

273 3500 306 3554 10
323 3499 395 3554 usar.
415 3499 473 3565 110,
493 3500 526 3554 ro
630 3497 694 3555 121
712 3498 771 3555 1011.
788 3499 815 3566 4,
833 3499 866 3552 ie

169 3672 256 3741 magis
274 3672 360 3725 facere
378 3687 439 3724 cunr
458 3671 501 3723 uel
519 3671 549 3725 in
567 3671 640 3726 exitu
658 3687 706 3724 suo
725 3671 859 3732 conuenit,
879 3673 909 3724 ut
928 3670 998 3738 quod
1016 3671 1075 3722 uita
1092 3669 1226 3723 anteriore
1243 3683 1297 3720 non

167 3756 296 3822 reddidit,
321 3758 416 3810 saltem
434 3757 463 3810 in
481 3758 651 3812 extremitate
674 3757 821 3826 persoluat:
845 3763 872 3810 et
894 3757 939 3824 qui
958 3771 988 3809 er
1006 3755 1055 3809 hoc
1073 3771 1134 3809 rena
1152 3758 1201 3819 est,
1226 3757 1298 3822 quod

167 3849 232 3898 ante
249 3843 375 3912 neglexit,
399 3844 441 3896 uel
459 3859 505 3911 per
523 3843 573 3897 hoc
591 3844 710 3898 excusari
728 3842 898 3910 aliquatenus
916 3841 1022 3895 domiuo
1041 3857 1089 3894 suo
1106 3842 1200 3910 possit,
1225 3839 1298 3908 quod

167 3931 341 3998 praeteritam
366 3929 595 3984 inhumanitatem
619 3931 717 3985 ultima
739 3930 835 3983 saltem
852 3923 992 3983 deuotione
1010 3930 1169 3996 compenset.
1200 3927 1245 3980 sed
1263 3925 1298 3980 ad

167 4017 303 4082 superiora
326 4015 470 4070 redeamus.
502 4015 643 4084 sapientia,
671 4015 762 4083 inquit
786 4029 871 4068 sermo
896 4013 1014 4079 diuinus,
1040 4013 1069 4066 in
1093 4013 1167 4066 cuitu
1191 4012 1298 4066 canitur

166 4102 219 4155 hoc
236 4099 424 4154 additamento
441 4106 534 4154 coram
551 4101 606 4154 AB

220 4198 232 4248 l
253 4196 391 4250 iuuentate
409 4196 450 4250 A:
476 4196 619 4250 iuuentute
638 4197 803 4251 BHoimo'co
906 4197 922 4250 5
944 4195 974 4248 in
1000 4195 1072 4248 exiiii
1089 4211 1110 4247 a.
1128 4195 1146 4248 t.
1164 4211 1197 4247 m.
1219 4199 1233 4247 1
1254 4195 1299 4248 oet

164 4282 269 4337 2odd.
289 4284 316 4335 A
407 4282 500 4336 ‘Itum
518 4283 634 4337 cordum
652 4283 844 4338 corr.m.2B
936 4282 969 4336 18
987 4281 1030 4334 Sic
1048 4296 1084 4334 aa
1101 4281 1130 4333 Si
1148 4293 1218 4335 corr.
1231 4284 1300 4336 Μ

163 4367 196 4420 Β
280 4368 315 4421 24
333 4369 510 4437 praeponebat
529 4369 556 4422 Β
641 4368 675 4422 26
693 4370 813 4437 ant(so'o)
833 4369 911 4424 deum
929 4369 997 4422 AB:
1024 4371 1051 4420 et
1070 4381 1131 4422 com
1150 4367 1210 4422 edd.
1229 4368 1301 4422 Hoi.

162 4453 239 4507 nnus
255 4455 295 4508 nil
314 4453 452 4508 admotam
555 4456 649 4509 autin
669 4455 727 4508 uita
746 4455 772 4508 B
