3132 5096
488 458 526 514 de
543 459 680 530 gubern.
698 459 814 516 deill
836 461 980 528 ece-⁷3.
1237 465 1300 532 145

170 665 210 714 an
238 648 400 742 credimm·
420 647 524 729 -iorie,'
551 649 634 733 quod
666 651 809 730 motinus
842 645 955 718 culmis
989 655 1121 736 populns
1152 654 1208 722 ille
1237 672 1297 722 non

170 751 273 831 fuerit,
296 753 349 836 qui
371 751 473 818 laetus
495 752 571 819 tunc
592 755 626 818 in
649 769 776 820 errorum
789 754 1031 836 deoduitabibue
1046 757 1130 824 luit?
1153 757 1297 842 captiuus

170 855 262 922 corde
283 859 317 921 et
332 873 431 922 ‘seusu
459 875 519 922 non
548 859 615 921 eret
636 856 691 939 qui
718 849 955 924 librariorum
984 861 1145 942 supplioia
1162 861 1296 942 ridebat,

169 957 439 1050 quiffiuguleri'se
455 963 494 1026 ln
510 971 644 1026 enorum
657 960 783 1045 ‘iugulb
807 975 878 1026 nona
898 961 1118 1048 intellegebat,¹
1142 966 1196 1048 qni
1217 964 1297 1030 mori

149 1079 205 1131 ese
224 1061 263 1128 in
281 1066 409 1129 suorum
429 1064 584 1130 mortibus
612 1081 675 1128 non
697 1057 872 1148 tentabatis
893 1064 1008 1150 drogon
1030 1063 1133 1134 rib-ita
1154 1065 1348 1149 dixerimll

164 1167 256 1231 'extra
283 1185 387 1232 muros
417 1170 449 1231 et
475 1165 558 1233 infru
585 1185 691 1232 muros
720 1157 914 1250 proeliorum·
937 1175 970 1234 et
995 1169 1195 1251 ludicrorum,
1224 1188 1297 1239 oon·

158 1269 359 1336 'iundebotur
380 1285 441 1336 uox
466 1261 678 1337 morientium
698 1283 818 1355 nonque
847 1271 1075 1351 bacchantium,
1098 1291 1134 1340 ec
1154 1275 1207 1341 uin
1230 1273 1297 1340 dis·

171 1374 253 1439 cerni
281 1373 410 1439 fomitem
440 1374 564 1457 poterat
585 1374 685 1456 plebis
707 1373 865 1455 heiulatio,
897 1393 976 1458 quae
997 1373 1126 1444 cadebat
1146 1379 1180 1446 in
1201 1376 1294 1455 bello,

171 1479 202 1542 et
223 1491 322 1542 sonus
344 1476 462 1562 populi,
490 1476 545 1560 qni
574 1476 730 1543 clamabat
755 1476 790 1542 in
813 1479 906 1544 circe.
944 1479 977 1542 et
998 1497 1070 1546 cum
1092 1477 1298 1548 haecomnia
1337 1497 1341 1514 ‘

137 1607 161 1644 ιο
169 1579 289 1654 fierent,
318 1581 391 1664 qnid
419 1580 506 1646 aliud
535 1579 610 1646 telis
638 1580 770 1664 populus
798 1583 919 1665 agebat,
947 1582 1010 1648 uiri
1045 1584 1083 1649 ut
1119 1601 1190 1651 oum
1223 1603 1295 1650 eum

169 1687 242 1750 deus
274 1687 401 1769 pendere
429 1683 531 1750 udhuo
559 1675 694 1749 fortusse
716 1685 826 1762 nollet,
859 1679 974 1752 tamen·
995 1687 1062 1768 ipse
1091 1687 1229 1770 exigeret
1253 1687 1296 1752 ‘ut
1339 1689 1340 1698 ’

170 1789 310 1868 periret?
1319 1797 1331 1858 i

210 1907 302 1976 XIII.
324 1907 385 1974 Sed
408 1908 482 1992 quid
504 1894 561 1993 ego
583 1907 693 1992 loquor
708 1908 746 1973 de
761 1907 853 1992 longe
875 1907 988 1992 positis
1010 1912 1043 1976 et
1065 1912 1153 1994 quusi
1176 1912 1208 1978 in
1230 1911 1293 1976 elio
1306 1911 1348 1978 72

168 2014 240 2080 orbe
263 2011 428 2089 submotis,
451 2029 523 2076 cum
546 2011 644 2078 sciam
666 2011 761 2078 etiam
781 2013 815 2076 in
830 2013 897 2079 solo
915 2014 1021 2095 patrio
1044 2015 1137 2096 atque
1158 2015 1192 2080 in
1215 2014 1295 2080 oini-

139 2115 288 2180 etatibus
311 2113 482 2182 Gallicanis
505 2133 610 2180 omnes
638 2113 738 2198 ferme
758 2113 976 2200 praecelsiores
998 2117 1081 2182 uires
1104 2109 1330 2184 calamiae-d

168 2219 224 2286 bus
258 2219 324 2284 suis
358 2214 455 2285 iactos
484 2217 578 2283 fuisse
602 2217 734 2300 ¹peiores.
771 2217 840 2283 uidi
860 2217 1016 2301 siquidem
1038 2235 1095 2303 ego
1119 2219 1293 2306 [Treueros]

167 2323 231 2406 ipse
270 2323 410 2387 homines
448 2321 532 2387 domi
571 2321 691 2387 nobiles
731 2317 886 2405 dignitate
920 2322 1087 2408 sublimes,
1122 2324 1196 2389 licet
1229 2325 1293 2390 iam

168 2425 317 2510 spoliatos
351 2427 444 2508 atque
471 2425 626 2502 uastatos,
659 2424 763 2490 minus
792 2441 915 2491 euersos
946 2428 1052 2490 tamen
1083 2428 1175 2492 rebus
1198 2426 1294 2491 inisse

168 2547 262 2612 qnam
283 2527 437 2595 moribus:
467 2527 612 2611 quamuis
635 2527 720 2594 enim
742 2526 940 2610 depopulatis
963 2527 1025 2594 iam
1050 2531 1143 2610 atque
1166 2527 1294 2594 nudatis
1354 2605 1358 2621 ι

136 2631 285 2716 eeliquid
318 2633 480 2715 supererat
513 2632 551 2698 de
584 2632 770 2709 substantia,
804 2631 883 2697 nibil
919 2633 1024 2696 autem
1053 2633 1091 2698 de
1119 2632 1292 2715 disciplina.

169 2739 242 2803 adeo
276 2736 435 2822 grauiores
454 2735 491 2800 in
515 2736 615 2800 semet
648 2733 755 2800 hostes
789 2734 924 2801 externis
954 2734 1094 2801 hostibus
1126 2736 1224 2812 erant,
1258 2739 1295 2800 ut

168 2839 241 2905 licet
265 2839 445 2905 absorberis
477 2838 541 2904 iam
575 2840 674 2904 euerei
708 2839 816 2923 essent,
851 2857 924 2902 ase
946 2841 1053 2904 tamen
1082 2839 1183 2923 magis
1206 2857 1294 2904 euer-

168 2943 316 3009 terentnr.
351 2942 481 3027 lugubre
512 2942 560 3007 est
588 2942 702 3006 referre
725 2941 973 3024 consumimus,
1005 2958 1095 3007 senes
1118 2941 1347 3023 honoratoeIS

170 3045 340 3128 decrepitos
362 3043 565 3125 Christianos,
594 3045 778 3110 Imminente
800 3045 968 3112 admodum
990 3044 1053 3110 iam
1076 3044 1192 3113 excidio
1215 3029 1322 3112 ciui-·=

220 3336 233 3388 l
253 3335 373 3388 salucbor
391 3333 515 3402 captiuus
533 3332 562 3387 Β
578 3332 626 3388 eod
643 3332 763 3386 seluator
779 3337 910 3402 copam
999 3333 1105 3390 animus
1122 3333 1150 3388 Β
1162 3339 1226 3392 er.1

169 3421 185 3473 8
202 3420 312 3474 eiulatio
330 3419 358 3474 Β
435 3419 478 3475 ie
491 3434 583 3480 omnes
595 3417 622 3472 B
633 3433 654 3472 e.
667 3417 685 3472 l.
773 3417 806 3474 16
824 3417 955 3488 siqnidem
967 3433 1017 3488 ego
1029 3422 1149 3474 treueros
1161 3420 1217 3489 ipse
1232 3419 1293 3490 (ipsi

169 3509 204 3574 A)
221 3507 278 3562 AB
304 3521 354 3574 ego
366 3505 498 3576 siquidem
510 3506 629 3560 treueroe
646 3505 703 3574 ipse
723 3505 766 3560 Ti
792 3520 841 3574 ego
858 3505 915 3575 ipse
929 3505 973 3575 (ia
983 3509 1081 3576 maru.)
1095 3505 1226 3576 etquidem
1238 3511 1294 3561 tre·

168 3609 242 3648 ueros
260 3594 340 3661 (eros
352 3593 419 3660 ipse)
438 3592 471 3646 e'a
487 3607 505 3646 c
521 3590 732 3659 Broeee'coaue);
749 3591 823 3658 ‘fort
834 3591 966 3662 siquidem
978 3607 1036 3661 ego,
1054 3591 1153 3646 Treuir
1162 3592 1228 3662 ipse,
1245 3591 1294 3646 bo·

168 3680 259 3734 minea'
276 3679 421 3746 Halmium
440 3677 522 3746 (idem
540 3675 748 3732 Sila-Bericbie
765 3676 790 3730 d.
805 3677 831 3731 lc.
844 3677 868 3733 b.
879 3676 969 3732 Alco.
982 3678 1008 3734 d.
1026 3678 1107 3735 Wiee.
1120 3682 1228 3748 187611.
1240 3679 1293 3733 405

163 3769 361 3834 proposcerac:
378 3765 506 3818 Treuerua
523 3763 587 3832 ipse,
601 3762 739 3831 probante
756 3762 791 3817 E.
810 3762 954 3834 Iacdroiyio
971 3764 1005 3818 ia
1023 3763 1128 3819 Jcreeer
1145 3763 1203 3819 nc.
1220 3764 1291 3840 Zeti.

168 3855 238 3906 1878
245 3866 275 3920 p.
285 3854 345 3916 614)
351 3869 361 3916 ,·
379 3847 506 3902 Treueros
518 3848 630 3903 muricis
640 3844 801 3902 melcomae
812 3854 925 3903 aemon
936 3848 1075 3916 Homolio,
1086 3851 1136 3918 qui
1147 3850 1293 3904 redburne

167 3939 272 3994 monuit
280 3953 380 3992 comere
388 3935 465 3990 orrboo
473 3935 518 3990 uel
526 3933 681 3990 decolorem
690 3935 1033 4004 bicoeoeeoarerpolarem
1041 3951 1097 3991 ecee
1106 3942 1187 4005 atcere
1192 3953 1221 4005 p.
1231 3939 1291 4002 146,

166 4027 202 4079 12
213 4023 312 4078 Treuer
317 4043 325 4089 ;
334 4022 506 4076 emmaum
516 4035 619 4075 comere
630 4020 747 4078 ecculm
757 4021 826 4075 sotto
835 4036 972 4089 occurere
984 4037 1018 4076 cc
1028 4023 1120 4076 cereto
1127 4038 1157 4090 p.
1168 4025 1228 4086 146,
1242 4025 1290 4076 12:

166 4110 320 4179 promptum
337 4110 380 4161 eet
393 4106 426 4160 de
437 4121 490 4175 qua
503 4103 590 4160 dicam
603 4108 733 4173 (canum
744 4107 778 4160 ia
788 4106 815 4160 T
822 4122 906 4178 maro.
918 4107 1006 4164 adeor,
1018 4113 1084 4162 meet
1095 4123 1130 4164 m,
1142 4122 1196 4162 rec.
1208 4107 1291 4162 bucce

165 4196 216 4250 Hic
234 4195 372 4250 Siluianus
391 4195 451 4261 (sic)
468 4191 589 4248 Gallicus
607 4192 768 4266 menenensis
786 4192 850 4259 fuit)
948 4193 981 4247 l'l
998 4192 1176 4248 dominabiles
1194 4194 1222 4248 A

163 4310 196 4364 21
215 4310 272 4364 eret
289 4307 311 4361 'I'
329 4307 387 4375 (sic)
405 4305 434 4360 A
460 4305 519 4374 (qui
538 4303 559 4358 Τ
577 4304 683 4360 eddidit
704 4304 795 4361 ceolud
811 4306 926 4364 selben
941 4295 967 4361 ni
981 4326 1019 4363 .=
1035 4310 1078 4372 nt)
1182 4306 1217 4360 22
1235 4307 1289 4372 iem

162 4421 181 4459 a
196 4401 317 4457 barbaris
334 4401 400 4469 (iam
416 4401 518 4456 derum
534 4418 570 4457 m.
587 4404 618 4468 2)
637 4401 665 4454 Β
766 4401 800 4455 23
817 4400 947 4470 lugubrae
960 4399 1058 4468 ecee.
1077 4415 1094 4454 u
1111 4401 1139 4455 A

214 4505 293 4560 VIIl.
1151 4505 1185 4557 10
