<?xml version="1.0" encoding="UTF-8"?>
<!DOCTYPE html PUBLIC "-//W3C//DTD XHTML 1.0 Transitional//EN"
    "http://www.w3.org/TR/xhtml1/DTD/xhtml1-transitional.dtd">
<html xmlns="http://www.w3.org/1999/xhtml" xml:lang="en" lang="en">
 <head>
  <title>
</title>
<meta http-equiv="Content-Type" content="text/html;charset=utf-8" />
  <meta name='ocr-system' content='tesseract 3.04.00' />
  <meta name='ocr-capabilities' content='ocr_page ocr_carea ocr_par ocr_line ocrx_word'/>
</head>
<body>
  <div class='ocr_page' id='page_1' title='image "./corpusscriptoru07wissgoog_0320.png"; bbox 0 0 3172 5098; ppageno 0'>
   <div class='ocr_carea' id='block_1_1' title="bbox 525 478 1310 548">
    <p class='ocr_par' dir='ltr' id='par_1_1' title="bbox 525 478 1310 548">
     <span class='ocr_line' id='line_1_1' title="bbox 525 478 1310 548; baseline 0.003 -15"><span class='ocrx_word' id='word_1_1' title='bbox 525 478 565 533; x_wconf 93' lang='lat' dir='ltr'>ad</span> <span class='ocrx_word' id='word_1_2' title='bbox 582 479 764 534; x_wconf 87' lang='lat' dir='ltr'>ecclesiam</span> <span class='ocrx_word' id='word_1_3' title='bbox 787 478 832 534; x_wconf 94' lang='grc' dir='ltr'>ΠΙ</span> <span class='ocrx_word' id='word_1_4' title='bbox 850 483 866 544; x_wconf 72' lang='grc'><strong>5</strong></span> <span class='ocrx_word' id='word_1_5' title='bbox 883 478 995 535; x_wconf 84' lang='grc'><strong>81-86.</strong></span> <span class='ocrx_word' id='word_1_6' title='bbox 1247 481 1310 548; x_wconf 76' lang='grc'>297</span> 
     </span>
    </p>
   </div>
   <div class='ocr_carea' id='block_1_2' title="bbox 143 670 1311 1792">
    <p class='ocr_par' dir='ltr' id='par_1_2' title="bbox 157 670 1311 1581">
     <span class='ocr_line' id='line_1_2' title="bbox 179 670 1307 754; baseline 0.003 -19"><span class='ocrx_word' id='word_1_7' title='bbox 179 688 285 735; x_wconf 84' lang='lat' dir='ltr'>secum</span> <span class='ocrx_word' id='word_1_8' title='bbox 315 670 472 752; x_wconf 88' lang='lat' dir='ltr'>auferunt,</span> <span class='ocrx_word' id='word_1_9' title='bbox 503 687 560 735; x_wconf 88' lang='lat' dir='ltr'>nec</span> <span class='ocrx_word' id='word_1_10' title='bbox 589 671 759 753; x_wconf 73' lang='lat' dir='ltr'><strong>quidquam</strong></span> <span class='ocrx_word' id='word_1_11' title='bbox 784 670 876 736; x_wconf 91' lang='lat' dir='ltr'>bomo</span> <span class='ocrx_word' id='word_1_12' title='bbox 898 673 1022 737; x_wconf 90' lang='lat' dir='ltr'>omnino</span> <span class='ocrx_word' id='word_1_13' title='bbox 1045 671 1158 738; x_wconf 87' lang='lat' dir='ltr'>habere</span> <span class='ocrx_word' id='word_1_14' title='bbox 1181 674 1307 754; x_wconf 84' lang='lat' dir='ltr'>poterit,</span> 
     </span>
     <span class='ocr_line' id='line_1_3' title="bbox 179 772 1311 859; baseline 0.005 -23"><span class='ocrx_word' id='word_1_15' title='bbox 179 772 234 856; x_wconf 90' lang='lat' dir='ltr'>qni</span> <span class='ocrx_word' id='word_1_16' title='bbox 256 793 289 838; x_wconf 91' lang='lat' dir='ltr'>se</span> <span class='ocrx_word' id='word_1_17' title='bbox 311 775 416 854; x_wconf 89' lang='lat' dir='ltr'>ipsum</span> <span class='ocrx_word' id='word_1_18' title='bbox 446 774 557 840; x_wconf 90' lang='lat' dir='ltr'>damno</span> <span class='ocrx_word' id='word_1_19' title='bbox 587 776 709 840; x_wconf 86' lang='lat' dir='ltr'>animae</span> <span class='ocrx_word' id='word_1_20' title='bbox 738 775 898 859; x_wconf 87' lang='lat' dir='ltr'>pereuntis</span> <span class='ocrx_word' id='word_1_21' title='bbox 929 775 1065 841; x_wconf 85' lang='lat' dir='ltr'>amittat.</span> <span class='ocrx_word' id='word_1_22' title='bbox 1107 781 1172 842; x_wconf 89' lang='lat' dir='ltr'>aut</span> <span class='ocrx_word' id='word_1_23' title='bbox 1199 778 1311 859; x_wconf 89' lang='lat' dir='ltr'>qnid,</span> 
     </span>
     <span class='ocr_line' id='line_1_4' title="bbox 179 877 1311 962; baseline 0.002 -19"><span class='ocrx_word' id='word_1_24' title='bbox 179 881 292 962; x_wconf 88' lang='lat' dir='ltr'>inquit,</span> <span class='ocrx_word' id='word_1_25' title='bbox 322 880 431 944; x_wconf 90' lang='lat' dir='ltr'>homo</span> <span class='ocrx_word' id='word_1_26' title='bbox 462 881 814 944; x_wconf 86' lang='lat' dir='ltr'>commutationem</span> <span class='ocrx_word' id='word_1_27' title='bbox 840 877 952 945; x_wconf 88' lang='lat' dir='ltr'>dabit</span> <span class='ocrx_word' id='word_1_28' title='bbox 972 895 1040 961; x_wconf 92' lang='lat' dir='ltr'>pro</span> <span class='ocrx_word' id='word_1_29' title='bbox 1063 879 1192 944; x_wconf 87' lang='lat' dir='ltr'>anima</span> <span class='ocrx_word' id='word_1_30' title='bbox 1214 883 1311 946; x_wconf 77' lang='lat' dir='ltr'>sua?</span> 
     </span>
     <span class='ocr_line' id='line_1_5' title="bbox 179 981 1310 1064; baseline 0.002 -18"><span class='ocrx_word' id='word_1_31' title='bbox 179 981 238 1046; x_wconf 88' lang='lat' dir='ltr'>boc</span> <span class='ocrx_word' id='word_1_32' title='bbox 272 983 322 1046; x_wconf 85' lang='lat' dir='ltr'>est</span> <span class='ocrx_word' id='word_1_33' title='bbox 354 982 469 1048; x_wconf 87' lang='lat' dir='ltr'>dicore:</span> <span class='ocrx_word' id='word_1_34' title='bbox 502 999 565 1047; x_wconf 89' lang='lat' dir='ltr'>non</span> <span class='ocrx_word' id='word_1_35' title='bbox 593 982 749 1064; x_wconf 78' lang='lat' dir='ltr'>respicias,</span> <span class='ocrx_word' id='word_1_36' title='bbox 785 981 932 1059; x_wconf 91' lang='lat' dir='ltr'>ohomo,</span> <span class='ocrx_word' id='word_1_37' title='bbox 965 983 1129 1062; x_wconf 88' lang='lat' dir='ltr'>pecuniam</span> <span class='ocrx_word' id='word_1_38' title='bbox 1153 999 1224 1056; x_wconf 70' lang='lat' dir='ltr'>non,</span> <span class='ocrx_word' id='word_1_39' title='bbox 1237 1001 1310 1064; x_wconf 89' lang='lat' dir='ltr'>pos-</span> 
     </span>
     <span class='ocr_line' id='line_1_6' title="bbox 157 1084 1309 1168; baseline 0.001 -18"><span class='ocrx_word' id='word_1_40' title='bbox 157 1087 360 1160; x_wconf 71' lang='lat' dir='ltr'>ssessionem,</span> <span class='ocrx_word' id='word_1_41' title='bbox 391 1103 446 1150; x_wconf 90' lang='lat' dir='ltr'>nec</span> <span class='ocrx_word' id='word_1_42' title='bbox 478 1084 603 1150; x_wconf 77' lang='lat' dir='ltr'><strong>dubites</strong></span> <span class='ocrx_word' id='word_1_43' title='bbox 632 1084 740 1150; x_wconf 88' lang='lat' dir='ltr'>saltim</span> <span class='ocrx_word' id='word_1_44' title='bbox 767 1085 903 1150; x_wconf 88' lang='lat' dir='ltr'>moriens</span> <span class='ocrx_word' id='word_1_45' title='bbox 924 1103 981 1168; x_wconf 92' lang='lat' dir='ltr'>pro</span> <span class='ocrx_word' id='word_1_46' title='bbox 1003 1103 1058 1168; x_wconf 89' lang='lat' dir='ltr'>spe</span> <span class='ocrx_word' id='word_1_47' title='bbox 1080 1089 1135 1151; x_wconf 83' lang='lat' dir='ltr'>tua</span> <span class='ocrx_word' id='word_1_48' title='bbox 1157 1090 1309 1168; x_wconf 87' lang='lat' dir='ltr'>quantum</span> 
     </span>
     <span class='ocr_line' id='line_1_7' title="bbox 179 1185 1310 1272; baseline 0.001 -18"><span class='ocrx_word' id='word_1_49' title='bbox 179 1191 268 1272; x_wconf 90' lang='lat' dir='ltr'>potes</span> <span class='ocrx_word' id='word_1_50' title='bbox 291 1190 336 1253; x_wconf 90' lang='lat' dir='ltr'>rei</span> <span class='ocrx_word' id='word_1_51' title='bbox 359 1193 431 1254; x_wconf 87' lang='lat' dir='ltr'>tuce</span> <span class='ocrx_word' id='word_1_52' title='bbox 453 1208 488 1253; x_wconf 91' lang='lat' dir='ltr'>ac</span> <span class='ocrx_word' id='word_1_53' title='bbox 511 1188 672 1254; x_wconf 88' lang='lat' dir='ltr'>facultatis</span> <span class='ocrx_word' id='word_1_54' title='bbox 694 1187 812 1254; x_wconf 85' lang='lat' dir='ltr'>offerro.</span> <span class='ocrx_word' id='word_1_55' title='bbox 845 1188 1075 1272; x_wconf 73' lang='lat' dir='ltr'>quidquidlibet</span> <span class='ocrx_word' id='word_1_56' title='bbox 1090 1185 1173 1254; x_wconf 89' lang='lat' dir='ltr'>onim</span> <span class='ocrx_word' id='word_1_57' title='bbox 1188 1188 1310 1255; x_wconf 89' lang='lat' dir='ltr'>dederis</span> 
     </span>
     <span class='ocr_line' id='line_1_8' title="bbox 178 1291 1308 1377; baseline 0.001 -21"><span class='ocrx_word' id='word_1_58' title='bbox 178 1311 234 1376; x_wconf 90' lang='lat' dir='ltr'>pro</span> <span class='ocrx_word' id='word_1_59' title='bbox 264 1293 296 1357; x_wconf 87' lang='lat' dir='ltr'>te</span> <span class='ocrx_word' id='word_1_60' title='bbox 326 1292 388 1358; x_wconf 89' lang='lat' dir='ltr'>uilo</span> <span class='ocrx_word' id='word_1_61' title='bbox 418 1297 476 1372; x_wconf 86' lang='lat' dir='ltr'>est,</span> <span class='ocrx_word' id='word_1_62' title='bbox 511 1293 663 1375; x_wconf 91' lang='lat' dir='ltr'>quidquid</span> <span class='ocrx_word' id='word_1_63' title='bbox 676 1313 679 1322; x_wconf 90' lang='lat'>·</span> <span class='ocrx_word' id='word_1_64' title='bbox 692 1309 747 1375; x_wconf 88' lang='lat' dir='ltr'>pro</span> <span class='ocrx_word' id='word_1_65' title='bbox 769 1295 801 1357; x_wconf 91' lang='lat' dir='ltr'>te</span> <span class='ocrx_word' id='word_1_66' title='bbox 824 1293 974 1359; x_wconf 77' lang='lat' dir='ltr'>obtuleris</span> <span class='ocrx_word' id='word_1_67' title='bbox 1006 1293 1098 1377; x_wconf 90' lang='lat' dir='ltr'>parui</span> <span class='ocrx_word' id='word_1_68' title='bbox 1131 1291 1226 1375; x_wconf 87' lang='lat' dir='ltr'>pretii</span> <span class='ocrx_word' id='word_1_69' title='bbox 1249 1295 1308 1370; x_wconf 88' lang='lat' dir='ltr'>est,</span> 
     </span>
     <span class='ocr_line' id='line_1_9' title="bbox 180 1395 1308 1479; baseline -0.001 -19"><span class='ocrx_word' id='word_1_70' title='bbox 180 1397 254 1479; x_wconf 93' lang='lat' dir='ltr'>quia</span> <span class='ocrx_word' id='word_1_71' title='bbox 275 1398 380 1463; x_wconf 91' lang='lat' dir='ltr'>anima</span> <span class='ocrx_word' id='word_1_72' title='bbox 401 1397 458 1462; x_wconf 87' lang='lat' dir='ltr'>tua</span> <span class='ocrx_word' id='word_1_73' title='bbox 480 1399 512 1462; x_wconf 93' lang='lat' dir='ltr'>in</span> <span class='ocrx_word' id='word_1_74' title='bbox 534 1397 673 1461; x_wconf 92' lang='lat' dir='ltr'>omnium</span> <span class='ocrx_word' id='word_1_75' title='bbox 695 1415 801 1461; x_wconf 86' lang='lat' dir='ltr'>rerum</span> <span class='ocrx_word' id='word_1_76' title='bbox 825 1397 873 1461; x_wconf 91' lang='lat' dir='ltr'>sst</span> <span class='ocrx_word' id='word_1_77' title='bbox 895 1397 1113 1479; x_wconf 77' lang='lat' dir='ltr'>conparatione</span> <span class='ocrx_word' id='word_1_78' title='bbox 1136 1395 1308 1479; x_wconf 85' lang='lat' dir='ltr'>pretiosior.</span> 
     </span>
     <span class='ocr_line' id='line_1_10' title="bbox 180 1499 1309 1581; baseline -0.002 -15"><span class='ocrx_word' id='word_1_79' title='bbox 180 1501 213 1566; x_wconf 83' lang='lat' dir='ltr'>et</span> <span class='ocrx_word' id='word_1_80' title='bbox 235 1501 303 1566; x_wconf 86' lang='lat' dir='ltr'>idco</span> <span class='ocrx_word' id='word_1_81' title='bbox 326 1499 409 1564; x_wconf 89' lang='lat' dir='ltr'>nihil</span> <span class='ocrx_word' id='word_1_82' title='bbox 431 1499 557 1564; x_wconf 81' lang='lat' dir='ltr'>dubites</span> <span class='ocrx_word' id='word_1_83' title='bbox 579 1516 635 1581; x_wconf 91' lang='lat' dir='ltr'>pro</span> <span class='ocrx_word' id='word_1_84' title='bbox 657 1499 689 1562; x_wconf 89' lang='lat' dir='ltr'>to</span> <span class='ocrx_word' id='word_1_85' title='bbox 711 1499 795 1577; x_wconf 88' lang='lat' dir='ltr'>dare,</span> <span class='ocrx_word' id='word_1_86' title='bbox 819 1499 901 1581; x_wconf 88' lang='lat' dir='ltr'>quia,</span> <span class='ocrx_word' id='word_1_87' title='bbox 924 1499 952 1564; x_wconf 90' lang='lat' dir='ltr'>si</span> <span class='ocrx_word' id='word_1_88' title='bbox 974 1503 1006 1564; x_wconf 86' lang='lat' dir='ltr'>ts</span> <span class='ocrx_word' id='word_1_89' title='bbox 1029 1500 1180 1576; x_wconf 87' lang='lat' dir='ltr'>amiseris,</span> <span class='ocrx_word' id='word_1_90' title='bbox 1204 1500 1309 1564; x_wconf 89' lang='lat' dir='ltr'>omnia</span> 
     </span>
    </p>

    <p class='ocr_par' dir='ltr' id='par_1_3' title="bbox 143 1601 1310 1792">
     <span class='ocr_line' id='line_1_11' title="bbox 143 1601 1310 1686; baseline 0.005 -24"><span class='ocrx_word' id='word_1_91' title='bbox 143 1623 170 1663; x_wconf 83' lang='lat' dir='ltr'>re</span> <span class='ocrx_word' id='word_1_92' title='bbox 179 1603 212 1669; x_wconf 96' lang='lat' dir='ltr'>in</span> <span class='ocrx_word' id='word_1_93' title='bbox 234 1605 267 1668; x_wconf 88' lang='lat' dir='ltr'>te</span> <span class='ocrx_word' id='word_1_94' title='bbox 289 1605 410 1686; x_wconf 90' lang='lat' dir='ltr'>pardis:</span> <span class='ocrx_word' id='word_1_95' title='bbox 439 1603 466 1668; x_wconf 89' lang='lat' dir='ltr'>si</span> <span class='ocrx_word' id='word_1_96' title='bbox 489 1607 595 1669; x_wconf 89' lang='lat' dir='ltr'>antem</span> <span class='ocrx_word' id='word_1_97' title='bbox 616 1606 649 1668; x_wconf 90' lang='lat' dir='ltr'>te</span> <span class='ocrx_word' id='word_1_98' title='bbox 677 1601 878 1683; x_wconf 74' lang='lat' dir='ltr'>lucrifeceris,</span> <span class='ocrx_word' id='word_1_99' title='bbox 910 1605 1014 1668; x_wconf 87' lang='lat' dir='ltr'>tecum</span> <span class='ocrx_word' id='word_1_100' title='bbox 1038 1607 1070 1667; x_wconf 85' lang='lat' dir='ltr'>st</span> <span class='ocrx_word' id='word_1_101' title='bbox 1092 1601 1126 1666; x_wconf 91' lang='lat' dir='ltr'>in</span> <span class='ocrx_word' id='word_1_102' title='bbox 1148 1605 1180 1666; x_wconf 89' lang='lat' dir='ltr'>te</span> <span class='ocrx_word' id='word_1_103' title='bbox 1204 1601 1310 1668; x_wconf 89' lang='lat' dir='ltr'>omnia</span> 
     </span>
     <span class='ocr_line' id='line_1_12' title="bbox 180 1707 363 1792; baseline -0.005 -20"><span class='ocrx_word' id='word_1_104' title='bbox 180 1707 363 1792; x_wconf 87' lang='lat' dir='ltr'>possidebis.</span> 
     </span>
    </p>
   </div>
   <div class='ocr_carea' id='block_1_3' title="bbox 142 1827 1362 3465">
    <p class='ocr_par' dir='ltr' id='par_1_4' title="bbox 179 1827 1362 2120">
     <span class='ocr_line' id='line_1_13' title="bbox 223 1827 1362 1912; baseline 0.003 -20"><span class='ocrx_word' id='word_1_105' title='bbox 223 1827 360 1893; x_wconf 88' lang='lat' dir='ltr'>XVIIII.</span> <span class='ocrx_word' id='word_1_106' title='bbox 385 1827 465 1894; x_wconf 83' lang='lat' dir='ltr'>Oum</span> <span class='ocrx_word' id='word_1_107' title='bbox 488 1827 563 1894; x_wconf 89' lang='lat' dir='ltr'>haec</span> <span class='ocrx_word' id='word_1_108' title='bbox 585 1846 659 1912; x_wconf 83' lang='lat' dir='ltr'>ergo</span> <span class='ocrx_word' id='word_1_109' title='bbox 681 1829 741 1893; x_wconf 87' lang='lat' dir='ltr'>tibi</span> <span class='ocrx_word' id='word_1_110' title='bbox 763 1829 827 1894; x_wconf 86' lang='lat' dir='ltr'>iam</span> <span class='ocrx_word' id='word_1_111' title='bbox 849 1827 1004 1906; x_wconf 89' lang='lat' dir='ltr'>morienti,</span> <span class='ocrx_word' id='word_1_112' title='bbox 1028 1829 1152 1894; x_wconf 91' lang='lat' dir='ltr'>ohomo</span> <span class='ocrx_word' id='word_1_113' title='bbox 1169 1828 1309 1912; x_wconf 89' lang='lat' dir='ltr'>quisquis</span> <span class='ocrx_word' id='word_1_114' title='bbox 1319 1828 1362 1895; x_wconf 83' lang='lat'>85</span> 
     </span>
     <span class='ocr_line' id='line_1_14' title="bbox 179 1932 1308 2010; baseline 0 -14"><span class='ocrx_word' id='word_1_115' title='bbox 179 1950 222 2010; x_wconf 90' lang='lat' dir='ltr'>es,</span> <span class='ocrx_word' id='word_1_116' title='bbox 252 1932 396 1997; x_wconf 90' lang='lat' dir='ltr'>dominns</span> <span class='ocrx_word' id='word_1_117' title='bbox 425 1933 497 1996; x_wconf 88' lang='lat' dir='ltr'>tuus</span> <span class='ocrx_word' id='word_1_118' title='bbox 527 1933 651 2010; x_wconf 85' lang='lat' dir='ltr'>clamet,</span> <span class='ocrx_word' id='word_1_119' title='bbox 682 1936 717 1997; x_wconf 93' lang='lat' dir='ltr'>tu</span> <span class='ocrx_word' id='word_1_120' title='bbox 747 1934 885 1998; x_wconf 86' lang='lat' dir='ltr'>mentem</span> <span class='ocrx_word' id='word_1_121' title='bbox 915 1933 1042 1999; x_wconf 86' lang='lat' dir='ltr'>obturas</span> <span class='ocrx_word' id='word_1_122' title='bbox 1064 1939 1099 1996; x_wconf 92' lang='lat' dir='ltr'>tn</span> <span class='ocrx_word' id='word_1_123' title='bbox 1122 1950 1230 1998; x_wconf 87' lang='lat' dir='ltr'>aurem</span> <span class='ocrx_word' id='word_1_124' title='bbox 1253 1932 1308 1996; x_wconf 92' lang='lat' dir='ltr'>ob-</span> 
     </span>
     <span class='ocr_line' id='line_1_15' title="bbox 179 2033 1310 2120; baseline 0.004 -22"><span class='ocrx_word' id='word_1_125' title='bbox 179 2036 276 2100; x_wconf 87' lang='lat' dir='ltr'>struis</span> <span class='ocrx_word' id='word_1_126' title='bbox 300 2036 333 2099; x_wconf 86' lang='lat' dir='ltr'>et</span> <span class='ocrx_word' id='word_1_127' title='bbox 354 2034 444 2101; x_wconf 89' lang='lat' dir='ltr'>nudis</span> <span class='ocrx_word' id='word_1_128' title='bbox 467 2035 660 2100; x_wconf 85' lang='lat' dir='ltr'>sermonibus</span> <span class='ocrx_word' id='word_1_129' title='bbox 688 2033 782 2100; x_wconf 88' lang='lat' dir='ltr'>fidem</span> <span class='ocrx_word' id='word_1_130' title='bbox 805 2038 950 2102; x_wconf 86' lang='lat' dir='ltr'>adserens</span> <span class='ocrx_word' id='word_1_131' title='bbox 973 2035 1114 2100; x_wconf 88' lang='lat' dir='ltr'>sufficere</span> <span class='ocrx_word' id='word_1_132' title='bbox 1136 2036 1195 2102; x_wconf 87' lang='lat' dir='ltr'>tibi</span> <span class='ocrx_word' id='word_1_133' title='bbox 1216 2039 1310 2120; x_wconf 87' lang='lat' dir='ltr'>putas</span> 
     </span>
    </p>

    <p class='ocr_par' dir='ltr' id='par_1_5' title="bbox 142 2138 1362 2637">
     <span class='ocr_line' id='line_1_16' title="bbox 142 2138 1310 2224; baseline 0.003 -24"><span class='ocrx_word' id='word_1_134' title='bbox 142 2141 275 2206; x_wconf 79' lang='lat' dir='ltr'>reuerba</span> <span class='ocrx_word' id='word_1_135' title='bbox 302 2158 357 2224; x_wconf 90' lang='lat' dir='ltr'>pro</span> <span class='ocrx_word' id='word_1_136' title='bbox 379 2138 474 2204; x_wconf 87' lang='lat' dir='ltr'>rebus</span> <span class='ocrx_word' id='word_1_137' title='bbox 496 2159 532 2206; x_wconf 85' lang='lat' dir='ltr'>ac</span> <span class='ocrx_word' id='word_1_138' title='bbox 554 2139 631 2205; x_wconf 89' lang='lat' dir='ltr'>satis</span> <span class='ocrx_word' id='word_1_139' title='bbox 654 2141 686 2206; x_wconf 89' lang='lat' dir='ltr'>te</span> <span class='ocrx_word' id='word_1_140' title='bbox 708 2139 835 2205; x_wconf 89' lang='lat' dir='ltr'>firmum</span> <span class='ocrx_word' id='word_1_141' title='bbox 862 2141 1011 2206; x_wconf 86' lang='lat' dir='ltr'>aestimas</span> <span class='ocrx_word' id='word_1_142' title='bbox 1033 2139 1229 2206; x_wconf 77' lang='lat' dir='ltr'>credulitatis</span> <span class='ocrx_word' id='word_1_143' title='bbox 1252 2138 1310 2205; x_wconf 89' lang='lat' dir='ltr'>ha·</span> 
     </span>
     <span class='ocr_line' id='line_1_17' title="bbox 178 2241 1311 2327; baseline 0 -19"><span class='ocrx_word' id='word_1_144' title='bbox 178 2245 253 2308; x_wconf 88' lang='lat' dir='ltr'>bers</span> <span class='ocrx_word' id='word_1_145' title='bbox 287 2241 473 2322; x_wconf 84' lang='lat' dir='ltr'>subsidium,</span> <span class='ocrx_word' id='word_1_146' title='bbox 506 2246 532 2310; x_wconf 90' lang='lat' dir='ltr'>si</span> <span class='ocrx_word' id='word_1_147' title='bbox 555 2243 658 2324; x_wconf 89' lang='lat' dir='ltr'>deum,</span> <span class='ocrx_word' id='word_1_148' title='bbox 692 2263 784 2327; x_wconf 88' lang='lat' dir='ltr'>quom</span> <span class='ocrx_word' id='word_1_149' title='bbox 817 2243 910 2309; x_wconf 91' lang='lat' dir='ltr'>rebus</span> <span class='ocrx_word' id='word_1_150' title='bbox 945 2246 1039 2327; x_wconf 89' lang='lat' dir='ltr'>atque</span> <span class='ocrx_word' id='word_1_151' title='bbox 1075 2246 1217 2327; x_wconf 83' lang='lat' dir='ltr'>operibus</span> <span class='ocrx_word' id='word_1_152' title='bbox 1245 2244 1311 2310; x_wconf 84' lang='lat' dir='ltr'>tuis</span> 
     </span>
     <span class='ocr_line' id='line_1_18' title="bbox 179 2345 1310 2430; baseline 0.001 -20"><span class='ocrx_word' id='word_1_153' title='bbox 179 2345 329 2430; x_wconf 86' lang='lat' dir='ltr'>despicis,</span> <span class='ocrx_word' id='word_1_154' title='bbox 363 2347 468 2414; x_wconf 89' lang='lat' dir='ltr'>uerbis</span> <span class='ocrx_word' id='word_1_155' title='bbox 499 2349 701 2414; x_wconf 86' lang='lat' dir='ltr'>mendacibus</span> <span class='ocrx_word' id='word_1_156' title='bbox 731 2346 882 2414; x_wconf 90' lang='lat' dir='ltr'>honorare</span> <span class='ocrx_word' id='word_1_157' title='bbox 913 2349 983 2413; x_wconf 89' lang='lat' dir='ltr'>uide</span> <span class='ocrx_word' id='word_1_158' title='bbox 1021 2350 1027 2362; x_wconf 92' lang='lat'>&#39;</span> <span class='ocrx_word' id='word_1_159' title='bbox 1093 2346 1176 2430; x_wconf 91' lang='lat' dir='ltr'>fili,</span> <span class='ocrx_word' id='word_1_160' title='bbox 1205 2347 1310 2429; x_wconf 91' lang='lat' dir='ltr'>inquit</span> 
     </span>
     <span class='ocr_line' id='line_1_19' title="bbox 179 2367 1310 2532; baseline 0.001 -19"><span class='ocrx_word' id='word_1_161' title='bbox 179 2450 338 2532; x_wconf 86' lang='lat' dir='ltr'>scriptura</span> <span class='ocrx_word' id='word_1_162' title='bbox 351 2453 467 2528; x_wconf 88' lang='lat' dir='ltr'>sancta,</span> <span class='ocrx_word' id='word_1_163' title='bbox 490 2451 524 2515; x_wconf 88' lang='lat' dir='ltr'>si</span> <span class='ocrx_word' id='word_1_164' title='bbox 546 2449 684 2529; x_wconf 89' lang='lat' dir='ltr'>habes,</span> <span class='ocrx_word' id='word_1_165' title='bbox 707 2449 872 2515; x_wconf 81' lang='lat' dir='ltr'>benefac</span> <span class='ocrx_word' id='word_1_166' title='bbox 894 2367 1170 2516; x_wconf 45' lang='lat' dir='ltr'>tocuffiffileo</span> <span class='ocrx_word' id='word_1_167' title='bbox 1193 2449 1310 2514; x_wconf 90' lang='lat' dir='ltr'>bonas</span> 
     </span>
     <span class='ocr_line' id='line_1_20' title="bbox 179 2551 1362 2637; baseline -0.002 -18"><span class='ocrx_word' id='word_1_168' title='bbox 179 2551 410 2619; x_wconf 84' lang='lat' dir='ltr'>oblationes</span> <span class='ocrx_word' id='word_1_169' title='bbox 444 2554 556 2621; x_wconf 88' lang='lat' dir='ltr'>offer.</span> <span class='ocrx_word' id='word_1_170' title='bbox 593 2555 625 2619; x_wconf 90' lang='lat' dir='ltr'>et</span> <span class='ocrx_word' id='word_1_171' title='bbox 657 2553 735 2620; x_wconf 88' lang='lat' dir='ltr'>alibi</span> <span class='ocrx_word' id='word_1_172' title='bbox 769 2554 975 2635; x_wconf 87' lang='lat' dir='ltr'>miserere,</span> <span class='ocrx_word' id='word_1_173' title='bbox 1009 2554 1122 2637; x_wconf 88' lang='lat' dir='ltr'>inquit,</span> <span class='ocrx_word' id='word_1_174' title='bbox 1157 2551 1362 2620; x_wconf 86' lang='lat' dir='ltr'>animae86</span> 
     </span>
    </p>

    <p class='ocr_par' dir='ltr' id='par_1_6' title="bbox 142 2657 1311 3155">
     <span class='ocr_line' id='line_1_21' title="bbox 142 2657 1310 2741; baseline 0.001 -21"><span class='ocrx_word' id='word_1_175' title='bbox 142 2657 280 2723; x_wconf 81' lang='lat' dir='ltr'>aotuac.</span> <span class='ocrx_word' id='word_1_176' title='bbox 318 2659 390 2723; x_wconf 90' lang='lat' dir='ltr'>uide</span> <span class='ocrx_word' id='word_1_177' title='bbox 412 2676 506 2739; x_wconf 89' lang='lat' dir='ltr'>quam</span> <span class='ocrx_word' id='word_1_178' title='bbox 529 2658 704 2724; x_wconf 84' lang='lat' dir='ltr'>misericors</span> <span class='ocrx_word' id='word_1_179' title='bbox 723 2659 767 2725; x_wconf 90' lang='lat' dir='ltr'>sit</span> <span class='ocrx_word' id='word_1_180' title='bbox 784 2658 926 2725; x_wconf 91' lang='lat' dir='ltr'>dominus</span> <span class='ocrx_word' id='word_1_181' title='bbox 940 2662 1015 2725; x_wconf 88' lang='lat' dir='ltr'>deus</span> <span class='ocrx_word' id='word_1_182' title='bbox 1038 2660 1154 2737; x_wconf 87' lang='lat' dir='ltr'>noster,</span> <span class='ocrx_word' id='word_1_183' title='bbox 1177 2657 1229 2741; x_wconf 90' lang='lat' dir='ltr'>qui</span> <span class='ocrx_word' id='word_1_184' title='bbox 1252 2673 1310 2721; x_wconf 92' lang='lat' dir='ltr'>nos</span> 
     </span>
     <span class='ocr_line' id='line_1_22' title="bbox 179 2760 1311 2846; baseline 0.002 -22"><span class='ocrx_word' id='word_1_185' title='bbox 179 2761 264 2843; x_wconf 91' lang='lat' dir='ltr'>ipsos</span> <span class='ocrx_word' id='word_1_186' title='bbox 285 2778 340 2842; x_wconf 91' lang='lat' dir='ltr'>pro</span> <span class='ocrx_word' id='word_1_187' title='bbox 363 2761 452 2826; x_wconf 90' lang='lat' dir='ltr'>nobis</span> <span class='ocrx_word' id='word_1_188' title='bbox 475 2761 722 2828; x_wconf 89' lang='lat' dir='ltr'>misericordiam</span> <span class='ocrx_word' id='word_1_189' title='bbox 745 2764 847 2846; x_wconf 83' lang='lat' dir='ltr'>rogat:</span> <span class='ocrx_word' id='word_1_190' title='bbox 870 2763 1071 2839; x_wconf 89' lang='lat' dir='ltr'>miserere,</span> <span class='ocrx_word' id='word_1_191' title='bbox 1095 2760 1209 2845; x_wconf 90' lang='lat' dir='ltr'>inquit,</span> <span class='ocrx_word' id='word_1_192' title='bbox 1231 2762 1311 2827; x_wconf 88' lang='lat' dir='ltr'>ani·</span> 
     </span>
     <span class='ocr_line' id='line_1_23' title="bbox 179 2864 1310 2942; baseline 0.001 -14"><span class='ocrx_word' id='word_1_193' title='bbox 179 2881 263 2929; x_wconf 88' lang='lat' dir='ltr'>mae</span> <span class='ocrx_word' id='word_1_194' title='bbox 293 2865 395 2931; x_wconf 90' lang='lat' dir='ltr'>tuae.</span> <span class='ocrx_word' id='word_1_195' title='bbox 430 2864 488 2929; x_wconf 91' lang='lat' dir='ltr'>hoc</span> <span class='ocrx_word' id='word_1_196' title='bbox 511 2865 558 2928; x_wconf 89' lang='lat' dir='ltr'>est</span> <span class='ocrx_word' id='word_1_197' title='bbox 579 2865 696 2931; x_wconf 86' lang='lat' dir='ltr'>dicere:</span> <span class='ocrx_word' id='word_1_198' title='bbox 726 2865 874 2930; x_wconf 89' lang='lat' dir='ltr'>miserere</span> <span class='ocrx_word' id='word_1_199' title='bbox 903 2866 998 2930; x_wconf 86' lang='lat' dir='ltr'>etiam</span> <span class='ocrx_word' id='word_1_200' title='bbox 1028 2865 1063 2930; x_wconf 90' lang='lat' dir='ltr'>tu</span> <span class='ocrx_word' id='word_1_201' title='bbox 1092 2864 1190 2942; x_wconf 89' lang='lat' dir='ltr'>illius,</span> <span class='ocrx_word' id='word_1_202' title='bbox 1222 2865 1310 2930; x_wconf 89' lang='lat' dir='ltr'>cuius</span> 
     </span>
     <span class='ocr_line' id='line_1_24' title="bbox 179 2965 1307 3053; baseline -0.001 -21"><span class='ocrx_word' id='word_1_203' title='bbox 179 2967 267 3034; x_wconf 88' lang='lat' dir='ltr'>uides</span> <span class='ocrx_word' id='word_1_204' title='bbox 296 2967 495 3032; x_wconf 84' lang='lat' dir='ltr'>miseratione</span> <span class='ocrx_word' id='word_1_205' title='bbox 525 2987 576 3033; x_wconf 91' lang='lat' dir='ltr'>me</span> <span class='ocrx_word' id='word_1_206' title='bbox 605 2966 720 3053; x_wconf 81' lang='lat' dir='ltr'>frangi,</span> <span class='ocrx_word' id='word_1_207' title='bbox 756 2968 902 3034; x_wconf 85' lang='lat' dir='ltr'>miserere</span> <span class='ocrx_word' id='word_1_208' title='bbox 932 2965 1018 3034; x_wconf 91' lang='lat' dir='ltr'>illius</span> <span class='ocrx_word' id='word_1_209' title='bbox 1047 2967 1185 3046; x_wconf 86' lang='lat' dir='ltr'>tandem,</span> <span class='ocrx_word' id='word_1_210' title='bbox 1218 2967 1307 3033; x_wconf 88' lang='lat' dir='ltr'>cuins</span> 
     </span>
     <span class='ocr_line' id='line_1_25' title="bbox 179 3070 1308 3155; baseline 0.001 -21"><span class='ocrx_word' id='word_1_211' title='bbox 179 3070 325 3136; x_wconf 88' lang='lat' dir='ltr'>misereor</span> <span class='ocrx_word' id='word_1_212' title='bbox 353 3089 408 3155; x_wconf 83' lang='lat' dir='ltr'>ego</span> <span class='ocrx_word' id='word_1_213' title='bbox 439 3089 570 3155; x_wconf 89' lang='lat' dir='ltr'>semper,</span> <span class='ocrx_word' id='word_1_214' title='bbox 600 3072 746 3137; x_wconf 81' lang='lat' dir='ltr'>mirerere</span> <span class='ocrx_word' id='word_1_215' title='bbox 774 3074 811 3137; x_wconf 88' lang='lat' dir='ltr'>tu</span> <span class='ocrx_word' id='word_1_216' title='bbox 840 3072 962 3137; x_wconf 86' lang='lat' dir='ltr'>animae</span> <span class='ocrx_word' id='word_1_217' title='bbox 990 3071 1099 3137; x_wconf 88' lang='lat' dir='ltr'>saltim</span> <span class='ocrx_word' id='word_1_218' title='bbox 1121 3073 1203 3148; x_wconf 88' lang='lat' dir='ltr'>tuae,</span> <span class='ocrx_word' id='word_1_219' title='bbox 1236 3087 1308 3135; x_wconf 88' lang='lat' dir='ltr'>oum</span> 
     </span>
    </p>

    <p class='ocr_par' dir='ltr' id='par_1_7' title="bbox 142 3172 1311 3465">
     <span class='ocr_line' id='line_1_26' title="bbox 142 3172 1307 3258; baseline 0.003 -24"><span class='ocrx_word' id='word_1_220' title='bbox 142 3193 171 3235; x_wconf 79' lang='lat' dir='ltr'>ae</span> <span class='ocrx_word' id='word_1_221' title='bbox 179 3173 321 3238; x_wconf 89' lang='lat' dir='ltr'>misereri</span> <span class='ocrx_word' id='word_1_222' title='bbox 342 3194 393 3240; x_wconf 90' lang='lat' dir='ltr'>me</span> <span class='ocrx_word' id='word_1_223' title='bbox 416 3193 524 3242; x_wconf 88' lang='lat' dir='ltr'>cernas</span> <span class='ocrx_word' id='word_1_224' title='bbox 553 3175 683 3241; x_wconf 86' lang='lat' dir='ltr'>alienae.</span> <span class='ocrx_word' id='word_1_225' title='bbox 721 3178 752 3240; x_wconf 87' lang='lat' dir='ltr'>et</span> <span class='ocrx_word' id='word_1_226' title='bbox 775 3175 850 3258; x_wconf 90' lang='lat' dir='ltr'>quid</span> <span class='ocrx_word' id='word_1_227' title='bbox 876 3177 946 3258; x_wconf 88' lang='lat' dir='ltr'>post</span> <span class='ocrx_word' id='word_1_228' title='bbox 975 3175 1062 3253; x_wconf 91' lang='lat' dir='ltr'>haec,</span> <span class='ocrx_word' id='word_1_229' title='bbox 1094 3172 1307 3239; x_wconf 89' lang='lat' dir='ltr'>omiserrime</span> 
     </span>
     <span class='ocr_line' id='line_1_27' title="bbox 180 3276 1311 3362; baseline 0 -21"><span class='ocrx_word' id='word_1_230' title='bbox 180 3277 284 3356; x_wconf 90' lang='lat' dir='ltr'>homo,</span> <span class='ocrx_word' id='word_1_231' title='bbox 308 3295 379 3343; x_wconf 89' lang='lat' dir='ltr'>cum</span> <span class='ocrx_word' id='word_1_232' title='bbox 402 3281 476 3344; x_wconf 89' lang='lat' dir='ltr'>deus</span> <span class='ocrx_word' id='word_1_233' title='bbox 499 3277 544 3344; x_wconf 89' lang='lat' dir='ltr'>sic</span> <span class='ocrx_word' id='word_1_234' title='bbox 566 3283 673 3345; x_wconf 85' lang='lat' dir='ltr'>tecum</span> <span class='ocrx_word' id='word_1_235' title='bbox 695 3281 777 3362; x_wconf 85' lang='lat' dir='ltr'>agat,</span> <span class='ocrx_word' id='word_1_236' title='bbox 801 3295 863 3344; x_wconf 89' lang='lat' dir='ltr'>non</span> <span class='ocrx_word' id='word_1_237' title='bbox 886 3277 1080 3360; x_wconf 75' lang='lat' dir='ltr'>adquiescis?</span> <span class='ocrx_word' id='word_1_238' title='bbox 1108 3277 1199 3358; x_wconf 83' lang='lat' dir='ltr'>rogat</span> <span class='ocrx_word' id='word_1_239' title='bbox 1219 3277 1251 3342; x_wconf 91' lang='lat' dir='ltr'>te</span> <span class='ocrx_word' id='word_1_240' title='bbox 1273 3276 1311 3341; x_wconf 92' lang='lat' dir='ltr'>ut</span> 
     </span>
     <span class='ocr_line' id='line_1_28' title="bbox 181 3380 1310 3465; baseline 0 -19"><span class='ocrx_word' id='word_1_241' title='bbox 181 3381 228 3446; x_wconf 87' lang='lat' dir='ltr'>tui</span> <span class='ocrx_word' id='word_1_242' title='bbox 252 3382 437 3460; x_wconf 81' lang='lat' dir='ltr'>miserearis,</span> <span class='ocrx_word' id='word_1_243' title='bbox 466 3386 498 3447; x_wconf 88' lang='lat' dir='ltr'>et</span> <span class='ocrx_word' id='word_1_244' title='bbox 519 3399 582 3446; x_wconf 92' lang='lat' dir='ltr'>non</span> <span class='ocrx_word' id='word_1_245' title='bbox 605 3383 678 3448; x_wconf 80' lang='lat' dir='ltr'>uis?</span> <span class='ocrx_word' id='word_1_246' title='bbox 711 3399 837 3447; x_wconf 88' lang='lat' dir='ltr'>cansam</span> <span class='ocrx_word' id='word_1_247' title='bbox 867 3381 955 3446; x_wconf 87' lang='lat' dir='ltr'>tuam</span> <span class='ocrx_word' id='word_1_248' title='bbox 977 3381 1060 3462; x_wconf 89' lang='lat' dir='ltr'>apud</span> <span class='ocrx_word' id='word_1_249' title='bbox 1082 3382 1114 3445; x_wconf 90' lang='lat' dir='ltr'>te</span> <span class='ocrx_word' id='word_1_250' title='bbox 1136 3380 1212 3465; x_wconf 85' lang='lat' dir='ltr'>agit,</span> <span class='ocrx_word' id='word_1_251' title='bbox 1237 3382 1269 3445; x_wconf 87' lang='lat' dir='ltr'>et</span> <span class='ocrx_word' id='word_1_252' title='bbox 1292 3399 1310 3446; x_wconf 88' lang='lat' dir='ltr'>a</span> 
     </span>
    </p>
   </div>
   <div class='ocr_carea' id='block_1_4' title="bbox 284 3565 917 3633">
    <p class='ocr_par' dir='ltr' id='par_1_8' title="bbox 284 3565 917 3633">
     <span class='ocr_line' id='line_1_29' title="bbox 284 3565 917 3633; baseline 0.003 -14"><span class='ocrx_word' id='word_1_253' title='bbox 284 3566 316 3620; x_wconf 74' lang='lat'>17</span> <span class='ocrx_word' id='word_1_254' title='bbox 337 3566 436 3621; x_wconf 79' lang='lat' dir='ltr'>Eccles.</span> <span class='ocrx_word' id='word_1_255' title='bbox 456 3567 548 3632; x_wconf 78' lang='lat'>14,11</span> <span class='ocrx_word' id='word_1_256' title='bbox 654 3567 686 3622; x_wconf 83' lang='lat'>19</span> <span class='ocrx_word' id='word_1_257' title='bbox 704 3565 802 3621; x_wconf 75' lang='lat' dir='ltr'>Eccles.</span> <span class='ocrx_word' id='word_1_258' title='bbox 820 3566 917 3633; x_wconf 52' lang='grc'>8224</span> 
     </span>
    </p>
   </div>
   <div class='ocr_carea' id='block_1_5' title="bbox 177 3735 1312 4496">
    <p class='ocr_par' dir='ltr' id='par_1_9' title="bbox 177 3735 1312 4496">
     <span class='ocr_line' id='line_1_30' title="bbox 234 3735 1312 3808; baseline 0 -18"><span class='ocrx_word' id='word_1_259' title='bbox 234 3738 248 3791; x_wconf 91' lang='lat'>1</span> <span class='ocrx_word' id='word_1_260' title='bbox 266 3737 408 3808; x_wconf 89' lang='lat' dir='ltr'>quiequam</span> <span class='ocrx_word' id='word_1_261' title='bbox 427 3738 454 3791; x_wconf 77' lang='lat' dir='ltr'><strong><em>A</em></strong></span> <span class='ocrx_word' id='word_1_262' title='bbox 548 3738 565 3792; x_wconf 85' lang='lat'><strong>3</strong></span> <span class='ocrx_word' id='word_1_263' title='bbox 583 3736 677 3807; x_wconf 86' lang='lat' dir='ltr'>inquid</span> <span class='ocrx_word' id='word_1_264' title='bbox 695 3737 723 3791; x_wconf 91' lang='lat' dir='ltr'><strong><em>B</em></strong></span> <span class='ocrx_word' id='word_1_265' title='bbox 820 3737 896 3790; x_wconf 77' lang='lat' dir='ltr'>Soet</span> <span class='ocrx_word' id='word_1_266' title='bbox 914 3751 963 3790; x_wconf 89' lang='lat' dir='ltr'>om.</span> <span class='ocrx_word' id='word_1_267' title='bbox 982 3735 1119 3798; x_wconf 68' lang='lat' dir='ltr'>Boionius</span> <span class='ocrx_word' id='word_1_268' title='bbox 1214 3736 1247 3790; x_wconf 85' lang='lat'>13</span> <span class='ocrx_word' id='word_1_269' title='bbox 1265 3736 1312 3791; x_wconf 92' lang='lat' dir='ltr'>ob·</span> 
     </span>
     <span class='ocr_line' id='line_1_31' title="bbox 178 3817 1311 3885; baseline 0 -9"><span class='ocrx_word' id='word_1_270' title='bbox 178 3825 256 3876; x_wconf 80' lang='lat' dir='ltr'>turae</span> <span class='ocrx_word' id='word_1_271' title='bbox 279 3837 342 3877; x_wconf 81' lang='lat' dir='ltr'>eum</span> <span class='ocrx_word' id='word_1_272' title='bbox 363 3822 549 3878; x_wconf 79' lang='lat' dir='ltr'>Ritteratooio</span> <span class='ocrx_word' id='word_1_273' title='bbox 571 3823 714 3877; x_wconf 80' lang='lat' dir='ltr'>Halmius:</span> <span class='ocrx_word' id='word_1_274' title='bbox 740 3820 855 3876; x_wconf 87' lang='lat' dir='ltr'>obduras</span> <span class='ocrx_word' id='word_1_275' title='bbox 879 3821 946 3885; x_wconf 76' lang='lat' dir='ltr'>AB3</span> <span class='ocrx_word' id='word_1_276' title='bbox 975 3817 1198 3877; x_wconf 58' lang='lat' dir='ltr'>‘macconem</span> <span class='ocrx_word' id='word_1_277' title='bbox 1219 3836 1311 3877; x_wconf 78' lang='lat' dir='ltr'>ccccc-</span> 
     </span>
     <span class='ocr_line' id='line_1_32' title="bbox 177 3907 1311 3978; baseline 0 -16"><span class='ocrx_word' id='word_1_278' title='bbox 177 3910 283 3962; x_wconf 79' lang='lat' dir='ltr'>acriora</span> <span class='ocrx_word' id='word_1_279' title='bbox 301 3923 357 3964; x_wconf 81' lang='lat' dir='ltr'>esse</span> <span class='ocrx_word' id='word_1_280' title='bbox 374 3908 451 3964; x_wconf 78' lang='lat' dir='ltr'>docet</span> <span class='ocrx_word' id='word_1_281' title='bbox 467 3912 634 3964; x_wconf 74' lang='lat' dir='ltr'>contrarium</span> <span class='ocrx_word' id='word_1_282' title='bbox 651 3923 743 3963; x_wconf 88' lang='lat' dir='ltr'>aurern</span> <span class='ocrx_word' id='word_1_283' title='bbox 761 3907 885 3963; x_wconf 84' lang='lat' dir='ltr'>obstruis’</span> <span class='ocrx_word' id='word_1_284' title='bbox 902 3907 1034 3963; x_wconf 77' lang='lat' dir='ltr'>Halmius</span> <span class='ocrx_word' id='word_1_285' title='bbox 1121 3908 1153 3962; x_wconf 80' lang='grc'>17</span> <span class='ocrx_word' id='word_1_286' title='bbox 1170 3907 1260 3978; x_wconf 89' lang='lat' dir='ltr'>inquit</span> <span class='ocrx_word' id='word_1_287' title='bbox 1277 3923 1311 3962; x_wconf 78' lang='lat' dir='ltr'>eu</span> 
     </span>
     <span class='ocr_line' id='line_1_33' title="bbox 178 3993 1311 4065; baseline 0.002 -15"><span class='ocrx_word' id='word_1_288' title='bbox 178 3995 274 4064; x_wconf 90' lang='lat' dir='ltr'>inquid</span> <span class='ocrx_word' id='word_1_289' title='bbox 293 4011 362 4051; x_wconf 82' lang='lat' dir='ltr'>corr.</span> <span class='ocrx_word' id='word_1_290' title='bbox 381 4013 415 4052; x_wconf 87' lang='lat' dir='ltr'>m.</span> <span class='ocrx_word' id='word_1_291' title='bbox 433 3999 454 4051; x_wconf 77' lang='grc'><strong>2</strong></span> <span class='ocrx_word' id='word_1_292' title='bbox 475 3993 503 4050; x_wconf 87' lang='grc' dir='ltr'><strong><em>Β</em></strong></span> <span class='ocrx_word' id='word_1_293' title='bbox 526 3995 590 4052; x_wconf 68' lang='lat' dir='ltr'>dam</span> <span class='ocrx_word' id='word_1_294' title='bbox 606 3997 769 4065; x_wconf 74' lang='lat' dir='ltr'>paulopost</span> <span class='ocrx_word' id='word_1_295' title='bbox 870 3995 906 4050; x_wconf 87' lang='grc'>20</span> <span class='ocrx_word' id='word_1_296' title='bbox 925 4002 987 4065; x_wconf 80' lang='lat' dir='ltr'>poet</span> <span class='ocrx_word' id='word_1_297' title='bbox 1005 3995 1068 4050; x_wconf 86' lang='lat' dir='ltr'>nido</span> <span class='ocrx_word' id='word_1_298' title='bbox 1085 3995 1150 4050; x_wconf 88' lang='lat' dir='ltr'>odd.</span> <span class='ocrx_word' id='word_1_299' title='bbox 1165 4011 1187 4063; x_wconf 85' lang='lat' dir='ltr'>p</span> <span class='ocrx_word' id='word_1_300' title='bbox 1205 4001 1232 4050; x_wconf 82' lang='lat' dir='ltr'>ct</span> <span class='ocrx_word' id='word_1_301' title='bbox 1250 3995 1311 4052; x_wconf 79' lang='lat' dir='ltr'>edd.</span> 
     </span>
     <span class='ocr_line' id='line_1_34' title="bbox 178 4081 1312 4152; baseline 0.001 -17"><span class='ocrx_word' id='word_1_302' title='bbox 178 4086 246 4136; x_wconf 78' lang='lat' dir='ltr'>orate</span> <span class='ocrx_word' id='word_1_303' title='bbox 263 4081 421 4137; x_wconf 77' lang='lat' dir='ltr'>Holmtmn:</span> <span class='ocrx_word' id='word_1_304' title='bbox 448 4084 575 4152; x_wconf 84' lang='lat' dir='ltr'>pietatem</span> <span class='ocrx_word' id='word_1_305' title='bbox 593 4098 658 4152; x_wconf 84' lang='lat' dir='ltr'>erga</span> <span class='ocrx_word' id='word_1_306' title='bbox 676 4085 703 4136; x_wconf 88' lang='lat' dir='ltr'>te</span> <span class='ocrx_word' id='word_1_307' title='bbox 720 4081 821 4137; x_wconf 89' lang='lat' dir='ltr'>domini</span> <span class='ocrx_word' id='word_1_308' title='bbox 838 4081 925 4136; x_wconf 87' lang='lat' dir='ltr'>nostri</span> <span class='ocrx_word' id='word_1_309' title='bbox 944 4081 1006 4136; x_wconf 87' lang='lat' dir='ltr'>uide</span> <span class='ocrx_word' id='word_1_310' title='bbox 1110 4081 1174 4135; x_wconf 89' lang='lat' dir='ltr'>deus</span> <span class='ocrx_word' id='word_1_311' title='bbox 1193 4096 1245 4135; x_wconf 92' lang='lat' dir='ltr'>non</span> <span class='ocrx_word' id='word_1_312' title='bbox 1263 4082 1312 4151; x_wconf 87' lang='lat' dir='ltr'>qui</span> 
     </span>
     <span class='ocr_line' id='line_1_35' title="bbox 179 4166 1311 4238; baseline 0 -16"><span class='ocrx_word' id='word_1_313' title='bbox 179 4182 232 4222; x_wconf 90' lang='lat' dir='ltr'>non</span> <span class='ocrx_word' id='word_1_314' title='bbox 250 4166 322 4237; x_wconf 86' lang='lat' dir='ltr'>ipsos</span> <span class='ocrx_word' id='word_1_315' title='bbox 341 4167 368 4222; x_wconf 85' lang='lat' dir='ltr'><strong><em>B</em></strong></span> <span class='ocrx_word' id='word_1_316' title='bbox 469 4168 502 4223; x_wconf 90' lang='grc'>21</span> <span class='ocrx_word' id='word_1_317' title='bbox 522 4167 618 4238; x_wconf 87' lang='lat' dir='ltr'>inquid</span> <span class='ocrx_word' id='word_1_318' title='bbox 637 4169 665 4223; x_wconf 91' lang='lat' dir='ltr'><strong><em>B</em></strong></span> <span class='ocrx_word' id='word_1_319' title='bbox 766 4167 800 4222; x_wconf 90' lang='grc'>22</span> <span class='ocrx_word' id='word_1_320' title='bbox 818 4167 892 4222; x_wconf 87' lang='lat' dir='ltr'>illius</span> <span class='ocrx_word' id='word_1_321' title='bbox 910 4167 1018 4224; x_wconf 78' lang='lat' dir='ltr'>axillis</span> <span class='ocrx_word' id='word_1_322' title='bbox 1036 4168 1311 4222; x_wconf 61' lang='lat' dir='ltr'>commitem</span> 
     </span>
     <span class='ocr_line' id='line_1_36' title="bbox 178 4251 1312 4323; baseline 0.001 -15"><span class='ocrx_word' id='word_1_323' title='bbox 178 4254 272 4308; x_wconf 73' lang='lat' dir='ltr'>ocean</span> <span class='ocrx_word' id='word_1_324' title='bbox 289 4251 363 4308; x_wconf 88' lang='lat' dir='ltr'>uides</span> <span class='ocrx_word' id='word_1_325' title='bbox 382 4269 415 4310; x_wconf 82' lang='lat' dir='ltr'>coc</span> <span class='ocrx_word' id='word_1_326' title='bbox 432 4251 503 4308; x_wconf 90' lang='lat' dir='ltr'>uldis</span> <span class='ocrx_word' id='word_1_327' title='bbox 521 4256 593 4323; x_wconf 82' lang='lat' dir='ltr'>(cum</span> <span class='ocrx_word' id='word_1_328' title='bbox 611 4253 649 4322; x_wconf 87' lang='lat' dir='ltr'>B)</span> <span class='ocrx_word' id='word_1_329' title='bbox 673 4259 698 4310; x_wconf 85' lang='lat' dir='ltr'>et</span> <span class='ocrx_word' id='word_1_330' title='bbox 720 4254 816 4308; x_wconf 85' lang='lat' dir='ltr'>saltem</span> <span class='ocrx_word' id='word_1_331' title='bbox 834 4269 868 4308; x_wconf 81' lang='lat' dir='ltr'>ecc</span> <span class='ocrx_word' id='word_1_332' title='bbox 886 4253 977 4308; x_wconf 86' lang='lat' dir='ltr'>saltim</span> <span class='ocrx_word' id='word_1_333' title='bbox 1080 4253 1114 4308; x_wconf 87' lang='grc'>23</span> <span class='ocrx_word' id='word_1_334' title='bbox 1137 4253 1312 4309; x_wconf 74' lang='lat' dir='ltr'>miseratione</span> 
     </span>
     <span class='ocr_line' id='line_1_37' title="bbox 179 4337 1311 4410; baseline 0.004 -17"><span class='ocrx_word' id='word_1_335' title='bbox 179 4339 287 4408; x_wconf 80' lang='lat' dir='ltr'>efrangi</span> <span class='ocrx_word' id='word_1_336' title='bbox 311 4337 339 4394; x_wconf 90' lang='lat' dir='ltr'>B</span> <span class='ocrx_word' id='word_1_337' title='bbox 360 4345 387 4395; x_wconf 85' lang='lat' dir='ltr'>ct</span> <span class='ocrx_word' id='word_1_338' title='bbox 403 4342 498 4396; x_wconf 68' lang='lat' dir='ltr'>mutim</span> <span class='ocrx_word' id='word_1_339' title='bbox 513 4341 589 4396; x_wconf 88' lang='lat' dir='ltr'>illius</span> <span class='ocrx_word' id='word_1_340' title='bbox 692 4339 725 4395; x_wconf 79' lang='grc'>27</span> <span class='ocrx_word' id='word_1_341' title='bbox 748 4345 807 4409; x_wconf 84' lang='lat' dir='ltr'>post</span> <span class='ocrx_word' id='word_1_342' title='bbox 831 4342 892 4410; x_wconf 82' lang='lat' dir='ltr'>agit</span> <span class='ocrx_word' id='word_1_343' title='bbox 914 4339 1015 4408; x_wconf 58' lang='lat' dir='ltr'>odem&gt;</span> <span class='ocrx_word' id='word_1_344' title='bbox 1033 4345 1059 4394; x_wconf 83' lang='lat' dir='ltr'>ct</span> <span class='ocrx_word' id='word_1_345' title='bbox 1077 4339 1137 4394; x_wconf 85' lang='lat' dir='ltr'>cdd.</span> <span class='ocrx_word' id='word_1_346' title='bbox 1156 4346 1221 4395; x_wconf 80' lang='lat' dir='ltr'>uate</span> <span class='ocrx_word' id='word_1_347' title='bbox 1239 4341 1311 4397; x_wconf 82' lang='lat' dir='ltr'>Hol-</span> 
     </span>
     <span class='ocr_line' id='line_1_38' title="bbox 179 4426 1093 4496; baseline 0 -16"><span class='ocrx_word' id='word_1_348' title='bbox 179 4427 281 4480; x_wconf 78' lang='lat' dir='ltr'>mium:</span> <span class='ocrx_word' id='word_1_349' title='bbox 308 4429 335 4478; x_wconf 88' lang='lat' dir='ltr'>st</span> <span class='ocrx_word' id='word_1_350' title='bbox 352 4442 368 4479; x_wconf 90' lang='lat' dir='ltr'>a</span> <span class='ocrx_word' id='word_1_351' title='bbox 386 4429 412 4481; x_wconf 83' lang='lat' dir='ltr'>te</span> <span class='ocrx_word' id='word_1_352' title='bbox 430 4443 481 4481; x_wconf 93' lang='lat' dir='ltr'>non</span> <span class='ocrx_word' id='word_1_353' title='bbox 500 4427 677 4482; x_wconf 80' lang='lat' dir='ltr'>admittitur?</span> <span class='ocrx_word' id='word_1_354' title='bbox 703 4426 832 4496; x_wconf 73' lang='lat' dir='ltr'>dignatur</span> <span class='ocrx_word' id='word_1_355' title='bbox 849 4431 877 4481; x_wconf 88' lang='lat' dir='ltr'>te</span> <span class='ocrx_word' id='word_1_356' title='bbox 895 4441 942 4496; x_wconf 89' lang='lat' dir='ltr'>pro</span> <span class='ocrx_word' id='word_1_357' title='bbox 959 4429 987 4480; x_wconf 89' lang='lat' dir='ltr'>te</span> <span class='ocrx_word' id='word_1_358' title='bbox 1006 4429 1093 4496; x_wconf 85' lang='lat' dir='ltr'>petere</span> 
     </span>
    </p>
   </div>
   <div class='ocr_carea' id='block_1_6' title="bbox 0 0 1592 5098">
    <p class='ocr_par' dir='ltr' id='par_1_10' title="bbox 0 0 1592 5098">
     <span class='ocr_line' id='line_1_39' title="bbox 0 0 1592 5098; baseline 0 0"><span class='ocrx_word' id='word_1_359' title='bbox 0 0 1592 5098; x_wconf 95' lang='lat' dir='ltr'> </span> 
     </span>
    </p>
   </div>
  </div>
 </body>
</html>
