3178 5100
295 481 358 548 208
782 477 934 532 Saluiani
978 448 981 453 Ι

297 673 329 734 et
358 687 487 735 auorum
521 668 635 753 gaudia
668 666 881 749 contigerunt,
915 669 961 743 et,
994 667 1074 749 quod
1109 671 1241 751 utroque
1273 670 1420 750 praestat,

296 777 463 854 utrumque
485 771 628 848 feliciter,
652 790 723 836 cum
746 771 850 836 fructu
873 769 1110 853 adipiscendist
1131 770 1327 838 beatitudine
1349 792 1420 855 per-

296 875 429 956 fruendi,
453 892 514 942 non
537 876 611 959 quia
632 875 708 940 hino
730 890 785 958 ego
809 873 927 956 aliquid
949 873 1209 957 mihideputem,
1238 876 1292 939 sed
1314 875 1420 942 tarnem

297 979 419 1059 ingrata
449 979 532 1059 apud
556 996 611 1044 uos
634 995 782 1046 essenon
813 977 914 1058 debet,
937 991 1000 1058 per
1014 989 1108 1059 quam
1136 995 1191 1044 uos
1221 979 1322 1044 uoluit
1344 980 1420 1044 deus

247 1085 362 1150 lles‘se
384 1081 497 1148 felices.
529 1102 576 1165 ne,
601 1099 723 1165 quaeso,
747 1099 819 1164 ergo
842 1082 1010 1147 molestum
1032 1081 1120 1146 uobis
1142 1081 1186 1146 sit
1201 1085 1281 1164 quod
1303 1082 1421 1148 referre
1445 1100 1462 1141 s

296 1185 414 1267 aliquid
448 1186 504 1251 deo
533 1185 632 1268 cupio,
669 1185 719 1250 eui
748 1184 854 1250 omnia
884 1203 1045 1266 repensare
1074 1201 1135 1248 non
1164 1203 1300 1267 possum.
1335 1187 1421 1269 pleni

295 1288 369 1354 estis
399 1287 523 1354 solaciis
553 1288 785 1354 iucundissimis
815 1287 898 1370 ploni
928 1286 1113 1371 pignoribus
1141 1287 1312 1355 carissimis
1334 1290 1421 1372 pleni

294 1392 507 1458 benedictione
530 1391 654 1457 diuina:
684 1395 807 1473 praeter
835 1391 1023 1473 peculiarem
1046 1391 1109 1455 mei
1132 1409 1256 1456 causam
1279 1393 1420 1458 uestrum

295 1495 455 1577 negotium
484 1495 596 1560 referre
627 1496 682 1560 deo
713 1497 848 1579 gratiam
877 1495 975 1574 iubet,
1010 1494 1122 1560 debers
1144 1515 1195 1560 me
1218 1496 1246 1561 ei
1274 1497 1419 1580 arbitror,

295 1601 375 1680 quod
405 1597 495 1662 uobis
525 1598 613 1664 tanta
642 1599 803 1664 consessit
837 1598 891 1663 sed
919 1598 996 1664 haec
1026 1599 1195 1664 hactenus:
1229 1599 1420 1666 sufficienter
1431 1621 1463 1659 10

295 1701 377 1766 enim
400 1702 461 1766 iam
484 1720 538 1782 per
560 1719 626 1783 nos,
657 1719 674 1765 o
697 1700 859 1766 carissima
881 1719 973 1780 soror,
1003 1703 1131 1782 precati,
1151 1719 1268 1778 snmus,
1298 1704 1420 1786 reliqua

245 1806 285 1872 15
295 1808 369 1870 sunt
406 1806 526 1887 agenda
562 1822 618 1885 per
653 1803 762 1869 filiam.
802 1805 929 1869 utamur
965 1823 1037 1888 ergo
1073 1804 1214 1886 (honeste
1249 1807 1332 1870 enim
1364 1825 1419 1889 pro

293 1907 520 1972 reconciliando
549 1910 658 1990 parent
660 1926 713 1971 um
744 1906 857 1971 affeetu
888 1909 1002 1972 cuncta
1030 1908 1259 1990 temptantur),
1294 1913 1420 1974 utamur

292 2011 420 2075 illorum
451 2015 589 2075 morast
619 2010 768 2092 exemplo,
798 2009 851 2092 qui
882 2010 995 2076 ultimo
1022 2029 1184 2076 causarum
1213 2012 1280 2075 loco
1315 2013 1419 2095 aliqua

239 2122 242 2166 l
294 2131 526 2197 nonnumquam
556 2116 593 2178 ad
624 2113 879 2179 commonendam
908 2113 1046 2180 iudicum
1077 2114 1319 2181 misericordiam
1347 2135 1462 2198 pro-1⁵

241 2202 434 2302 {ferebant
462 2219 509 2281 lat
496 2217 574 2280 turis
606 2220 677 2280 sent
664 2216 795 2281 tentiam
825 2218 964 2299 discepto
945 2217 1095 2295 moribus,
1126 2224 1181 2284 aut
1167 2218 1419 2284 tlamentantes

242 2348 245 2411 3
293 2320 408 2384 matres
439 2321 577 2386 familias
606 2321 661 2385 aut
689 2321 863 2384 sordidatos
892 2338 979 2385 senes
1008 2322 1065 2385 aut
1092 2323 1252 2404 plorantes
1273 2323 1420 2403 paruolos

240 2418 242 2427 ’
293 2425 479 2506 ingerentes,
507 2424 682 2490 sciliceta
647 2423 759 2506 nqui
782 2422 939 2506 superiora
968 2441 1077 2489 causae
1101 2425 1235 2490 uerbis
1227 2443 1289 2490 ram
1312 2445 1420 2491 exora-

244 2530 283 2596 16
293 2529 404 2591 ueran
413 2528 620 2608 ,posteriora
647 2528 777 2593 rebus
769 2526 844 2608 rpsis
873 2529 1063 2609 perorarent.
1102 2527 1260 2593 offerimus
1290 2532 1421 2612 ergoet

293 2648 349 2694 nos
370 2629 468 2709 uobis,
500 2650 516 2695 o
539 2631 690 2695 carissimi
723 2632 875 2712 parentes,
906 2630 1019 2713 pignus
1046 2633 1114 2712 peri
1143 2632 1268 2713 quidam
1290 2625 1463 2698 illorumso

211 2777 213 2781 -
294 2732 348 2797 sed
381 2736 489 2797 tamen
522 2733 657 2815 gratiore
691 2732 851 2817 suffragio.
900 2733 1059 2797 offerimus
1094 2735 1174 2799 enirn
1209 2736 1321 2818 pignus
1357 2753 1422 2800 non

293 2837 487 2918 incognitum
510 2838 564 2900 sed
587 2836 801 2914 domesticum,
833 2853 894 2900 non
917 2836 1055 2901 alienum
1079 2839 1132 2901 sed
1156 2836 1327 2919 proprium,
1351 2855 1419 2914 nee,

293 2938 330 3002 ut
352 2939 402 3003 illi
424 2943 569 3018 oratores,
594 2940 627 3004 et
649 2938 759 3004 sibiet
781 2938 936 3004 indicibus
954 2942 1136 3004 extraneum
1152 2941 1205 3004 sed
1221 2941 1309 3006 nobis
1324 2941 1421 3006 simul
1446 2995 1451 2999 .

294 3041 442 3124 uobisque
465 3059 642 3107 commune:
673 3060 752 3123 quae
775 3059 829 3106 uos
852 3043 959 3124 utique
987 3043 1086 3107 uestri
1114 3045 1275 3126 sanguinis
1297 3044 1421 3110 indoles

293 3163 354 3209 non
388 3148 426 3210 ad
460 3146 689 3226 incognitorum
729 3145 890 3210 hominum
933 3145 1016 3226 cogit
1054 3143 1252 3211 dilectionem
1290 3146 1342 3211 sed
1379 3147 1423 3212 ad
1434 3172 1466 3212 es

292 3252 466 3314 uestrorum
500 3257 624 3314 reuocat
658 3248 837 3324 caritatem,
873 3266 930 3314 nee
966 3246 1081 3313 alienos
1114 3248 1203 3313 uobis
1233 3249 1332 3314 aliena
1365 3251 1423 3314 sed

293 3357 411 3415 uestros
433 3354 539 3416 uestra
561 3353 766 3426 commendat,
791 3369 889 3432 neque
911 3352 943 3415 id
966 3353 1042 3430 orat,
1066 3352 1103 3415 ut
1125 3370 1175 3416 eos
1198 3352 1319 3430 ametis,
1342 3371 1423 3434 quos

293 3470 464 3534 numquam
498 3458 570 3518 ante
599 3453 732 3530 uidistis,
767 3454 819 3517 sed
844 3457 950 3518 utens
973 3471 1033 3518 non
1057 3453 1184 3519 oderitis
1215 3473 1300 3537 quoa,
1331 3459 1422 3536 puto,
1586 3475 1587 3552 q

245 3559 354 3624 llnon
383 3555 514 3638 diligero
544 3575 605 3620 non
635 3555 775 3640 potestis.
813 3559 954 3620 uestrum
983 3559 1061 3636 ideo,
1090 3561 1233 3640 parentes
1257 3557 1420 3637 carissimi,
1586 3555 1587 3642 )

294 3658 455 3743 negotium
488 3662 594 3724 uestra
628 3677 677 3723 res
707 3663 770 3742 est3
804 3659 906 3724 uester
937 3661 970 3724 id
999 3679 1030 3740 a
1047 3661 1134 3727 uobis
1164 3661 1286 3726 animus
1314 3663 1466 3726 uestraeo

344 3899 360 3952 7
388 3898 493 3951 solatiis
519 3899 559 3951 sie
585 3900 667 3952 etiam
694 3899 716 3953 Ο
821 3899 851 3952 11
880 3899 994 3967 praecati
1019 3901 1060 3967 (111
1077 3907 1100 3964 §.
1130 3905 1146 3955 9
1172 3907 1219 3969 poe
1246 3905 1271 3954 et
1296 3899 1334 3953 sie
1359 3899 1426 3965 sere

292 3986 402 4055 abque)
431 3984 453 4039 O
563 3985 596 4038 12
614 3985 680 4038 ‘filia
705 3987 841 4039 mutamur
869 3987 927 4052 (sic)
959 3986 982 4040 0
1096 3988 1128 4040 13
1155 3990 1263 4040 utamur
1289 3985 1426 4040 Pithoeus

292 4075 324 4128 nt
346 4089 418 4126 amor
446 4072 468 4127 O
571 4071 603 4126 16
627 4071 724 4124 laturis
745 4073 803 4140 (sie)
832 4072 854 4127 O
955 4073 987 4126 17
1012 4071 1128 4126 familiae
1147 4074 1204 4138 (sie)
1236 4073 1257 4128 0
1359 4089 1425 4142 par-

292 4160 367 4214 uolos
395 4159 469 4226 (item
494 4156 574 4223 infra
600 4156 781 4225 paruolorum)
816 4158 838 4213 0
974 4159 1007 4213 18
1037 4161 1211 4212 exercuerunt
1239 4159 1297 4226 (sie)
1329 4159 1353 4212 0

292 4244 327 4297 24
350 4260 400 4312 que
417 4259 465 4297 uos
489 4243 512 4298 0
613 4243 712 4296 indolis
741 4243 763 4298 Ο
863 4243 896 4297 29
919 4261 972 4298 non
996 4246 1070 4311 (aute
1088 4242 1211 4312 potestis)
1231 4243 1303 4310 quod
1321 4245 1352 4298 e'u
1368 4260 1426 4300 sua

293 4331 408 4386 Boluee'e'
437 4330 556 4384 11111111
584 4329 754 4384 intercidisse
782 4336 871 4386 monet
901 4331 1044 4394 Halmius,
1082 4330 1113 4382 e'a
1140 4335 1241 4396 quarta
1271 4328 1333 4384 edit.
1364 4346 1427 4386 aon

293 4417 367 4472 deest
