3172 5098
275 495 339 562 312
762 495 922 550 salutari

271 702 345 752 esse
375 685 493 751 iudieas
523 689 554 748 st
583 684 673 766 quasi
708 684 832 750 somnia
865 688 1017 767 quaedam
1038 703 1074 751 ao
1096 685 1304 751 deliramenta
1334 705 1407 752 oou·

275 788 406 870 tomuis3
430 805 490 853 uon
513 787 597 852 enim
620 787 722 853 eredis
738 787 900 853 Christum
921 807 996 854 uera
1017 787 1140 854 dixisse.
1171 790 1204 853 et
1225 808 1274 854 res
1297 790 1419 873 probat*

272 909 472 974 nequaquem
493 893 524 966 te
543 892 572 956 ei
588 891 728 976 eredere;
751 909 825 956 uem
838 893 893 973 qui
909 891 1057 958 mandata
1072 892 1139 957 eius
1157 911 1215 957 uso
1229 894 1263 958 in
1286 895 1410 975 postre-

273 994 336 1062 mis
370 993 463 1078 faois,
500 996 557 1060 aut
589 997 678 1060 nulla
713 1013 779 1060 osso
810 997 936 1060 omniuo
967 996 1116 1060 aestimas
1146 1001 1201 1060 aut
1231 996 1311 1062 falsa
1339 1015 1407 1063 esse

274 1097 471 1164 condemnas.
501 1098 535 1163 in
557 1117 618 1181 quo
641 1099 767 1182 quidem
789 1101 896 1184 lugere
918 1117 1026 1165 omues
1042 1103 1168 1165 saumos
1183 1118 1220 1166 ae
1235 1099 1309 1166 flere
1331 1118 1406 1167 oon·
1430 1122 1444 1163 s

274 1201 371 1280 uouit,
393 1202 474 1268 uurlli
497 1207 528 1268 te
551 1205 584 1267 et
605 1203 683 1268 alios
706 1203 754 1270 tui
775 1203 905 1281 similes,
934 1203 1014 1268 nulli
1039 1204 1142 1268 miuus
1163 1219 1260 1285 quam
1282 1201 1405 1269 Christo

223 1303 265 1371 38
276 1308 409 1372 eredere.
448 1305 475 1371 si
503 1305 563 1372 tibi
592 1306 779 1389 quicumque
810 1326 846 1370 er
874 1306 1066 1388 cauponibus
1093 1305 1169 1388 quid
1194 1308 1405 1390 promitteret,

275 1407 369 1479 fidem
398 1410 593 1491 promittenti
621 1427 683 1476 nou
711 1409 897 1493 abnegares:
928 1409 957 1474 si
978 1412 1126 1476 mutuum
1148 1429 1167 1474 a
1188 1413 1221 1472 te
1244 1411 1407 1494 quippiam

275 1513 402 1598 propola
424 1515 479 1578 aut
500 1515 706 1597 salgamarius
734 1514 917 1596 postularet,
947 1515 1142 1582 redditurum
1165 1533 1238 1578 sum
1261 1532 1322 1579 uon
1344 1513 1408 1579 dif-

276 1616 388 1682 fideres
422 1635 500 1700 quae
534 1619 688 1684 dedisses:
722 1620 925 1688 meudueibus
959 1619 1092 1702 denique
1124 1619 1285 1684 interdum
1315 1619 1446 1700 atquem

224 1719 266 1789 39
275 1721 419 1806 periuris,
443 1721 585 1789 cautione
608 1722 693 1788 laeta
716 1723 747 1788 et
770 1723 842 1789 dato
865 1722 1056 1803 fideiussore,
1081 1741 1129 1786 res
1152 1721 1298 1788 ereditur.
1321 1720 1409 1788 Obri-

274 1825 343 1890 stus
376 1823 436 1890 tibi
466 1828 498 1889 et
528 1824 744 1892 fidelissimam
777 1826 954 1892 modenam
984 1829 1018 1890 et
1043 1826 1238 1892 fideiussores
1272 1825 1409 1907 optimos

277 1929 373 2007 dedit,
408 1929 585 1995 oautiousm
620 1930 739 1996 soilieet
766 1930 800 1996 in
824 1931 988 2012 euangelio
1021 1929 1217 1996 fideiussores
1250 1926 1409 2011 apostolos

277 2051 360 2109 suos,
385 2037 416 2098 et
439 2033 466 2097 si
483 2033 515 2097 id
537 2051 650 2114 parum
673 2034 730 2110 est,
753 2033 947 2116 patriarchas
969 2033 1139 2116 prophetas
1160 2032 1314 2116 martyres
1338 2049 1410 2098 suos

278 2137 379 2202 totam
402 2138 533 2219 denique
555 2137 736 2202 diuinarum
758 2138 870 2202 seriem
893 2139 1091 2205 litterarum:
1121 2141 1152 2202 et
1175 2155 1235 2202 uon
1258 2135 1358 2202 eredis
1381 2133 1451 2200 eius

279 2257 337 2306 uso
358 2237 452 2305 fidem
475 2240 677 2306 commodas?
700 2258 801 2325 quem,
824 2259 909 2324 rogo,
932 2241 999 2306 tem
1022 2240 1188 2322 prodigum
1210 2242 1293 2304 iuter
1309 2236 1412 2302 homi-

278 2361 332 2410 ues
355 2362 392 2408 ae
414 2347 481 2410 tam
503 2343 654 2410 miserum
677 2344 819 2410 inuenire
840 2345 949 2426 possis,
972 2343 1023 2408 oui
1038 2343 1131 2408 fidem
1147 2344 1205 2408 sub
1222 2347 1271 2407 tot
1284 2339 1414 2406 fideius-

277 2447 400 2514 soribus
423 2445 617 2530 denegares?
649 2449 704 2512 das
726 2448 833 2529 itaque
855 2465 904 2512 ros
927 2450 997 2512 tuas
1016 2447 1109 2512 diuiti
1128 2448 1161 2511 et
1176 2444 1282 2529 egenis
1305 2461 1412 2528 negas,

280 2550 335 2618 das
357 2550 525 2616 luxuriosis
541 2550 574 2614 et
588 2568 685 2632 negas
708 2550 833 2627 sanetis,
858 2549 912 2616 das
935 2551 1117 2631 ouieumquo
1140 2549 1270 2614 fortasse
1292 2549 1415 2630 perdito

278 2655 311 2720 et
340 2671 434 2737 negas
455 2652 589 2718 Christo.
627 2656 722 2736 prout
753 2671 825 2736 ergo
854 2651 1001 2720 iudicasti
1028 2653 1073 2718 sie
1095 2652 1295 2735 iudieabsris‚
1333 2649 1452 2716 sioutuu
1579 2685 1580 2696 κ

281 2757 405 2840 elegisti
433 2757 480 2821 sie
508 2756 654 2840 recipies:
683 2775 747 2822 nou
768 2756 900 2823 habebis
923 2775 993 2822 oum
1007 2756 1139 2823 -Obristo
1161 2761 1294 2839 purtem,
1318 2772 1414 2836 quem

280 2859 462 2944 despexisti:
487 2879 560 2926 oum
583 2860 631 2924 his
652 2859 794 2945 habebis,
817 2879 895 2943 quos
917 2861 1104 2946 praetulisti.

224 2993 271 3070 40
322 2997 414 3064 vrri.
446 2997 505 3065 Sed
533 2999 614 3064 dieit
641 2999 772 3066 fortasse
799 3000 913 3082 aliquis
936 3020 973 3065 ex
994 2998 1168 3064 infidelium
1191 3015 1329 3075 numero,
1352 3013 1416 3060 nou

277 3101 409 3186 diguam
438 3119 504 3168 esse
533 3119 656 3168 oausam
686 3119 764 3185 quas
794 3103 845 3168 uel
873 3103 965 3168 doum
994 3107 1120 3168 moueat
1143 3101 1195 3166 uel
1216 3099 1359 3165 homiues
1382 3097 1416 3162 lu

279 3208 442 3271 aeternum
479 3208 654 3290 perieulum
690 3206 807 3272 trahat.
852 3207 917 3272 seio
951 3190 1078 3289 quidem
1111 3205 1192 3287 quod
1226 3220 1334 3269 omues
1369 3201 1452 3266 reiis

279 3307 452 3374 uouiabiles
481 3309 594 3393 putent
624 3327 747 3393 semper
776 3308 882 3374 reatus
913 3293 996 3373 suos.
1031 3325 1106 3373 uam
1128 3311 1160 3372 et
1183 3305 1268 3371 iurta
1289 3304 1413 3371 furibus

279 3410 366 3475 leues
389 3411 498 3495 eulpae
521 3415 650 3478 suntet
673 3412 805 3476 innocua
828 3411 957 3476 ebriosis
979 3395 1106 3475 uidetur
1127 3407 1260 3474 ebrietas
1283 3411 1315 3471 et
1332 3409 1414 3488 apud

232 3509 252 3568 ἑ·
279 3513 445 3596 iupudioos
467 3514 632 3580 fornicatio
654 3514 757 3580 soslus
780 3517 922 3594 nonest,
950 3514 1024 3596 quia
1052 3514 1175 3578 nullum
1197 3509 1324 3575 omuino
1347 3513 1416 3573 tam

280 3617 397 3701 grande
425 3618 542 3683 orimeu
568 3619 624 3694 est,
655 3619 738 3701 quod
761 3636 821 3683 nou
845 3617 933 3683 ouius
956 3617 1091 3683 facinore
1114 3612 1325 3679 committitur
1347 3609 1414 3674 eius

334 3929 348 3984 1
373 3927 547 3982 dilirameuta
569 3925 626 3982 AB
729 3927 746 3980 'l
771 3924 943 3994 promitteret
965 3938 1000 3977 eu
1023 3919 1193 3990 premitterit
1209 3932 1282 3974 eurr.
1299 3933 1337 3974 m.
1354 3918 1374 3970 2
1390 3916 1416 3968 A

282 4013 449 4083 promitterit
465 4011 493 4068 B
588 4011 606 4066 9
623 4013 737 4081 propula
753 4011 809 4066 AB
895 4007 1125 4079 ulgemeuterius
1142 4004 1186 4060 ed.
1205 4003 1351 4060 Boionius

280 4101 428 4162 diffideres]
448 4098 582 4154 desideres
599 4113 620 4154 e.
639 4113 654 4151 e
667 4098 794 4166 parauit.
807 4113 858 4151 sor.
871 4098 939 4152 md
956 4109 986 4150 ra
1003 4094 1032 4148 B
1127 4092 1159 4146 11
1177 4089 1303 4160 periuriis
1322 4091 1350 4144 A

282 4187 316 4242 15
334 4186 439 4256 seriem]
458 4187 493 4253 of.
512 4183 893 4252 obuersatamque
987 4180 1019 4236 11
1036 4193 1128 4248 poem
1146 4177 1175 4232 Β
1268 4175 1302 4230 19
1319 4174 1419 4230 luxori-

281 4274 336 4326 osis
352 4273 381 4329 A
477 4271 509 4326 21
529 4271 635 4340 elegisti
653 4271 827 4338 empsim
853 4268 934 4338 eligis
951 4269 980 4320 A
1005 4264 1086 4334 eligis
1102 4279 1139 4318 eu
1156 4262 1331 4332 elegis-corr.
1348 4262 1421 4315 Μ

283 4358 311 4412 Β
328 4358 452 4426 (elegeris
469 4359 512 4424 ως
537 4357 591 4424 cfr.
608 4371 659 4412 ooo
677 4355 827 4411 Sita-Ber.
842 4371 872 4423 p.
890 4357 926 4412 36
1028 4352 1065 4407 m
1082 4349 1223 4419 dispeximi
1239 4349 1269 4404 A
1295 4347 1367 4416 desp.
1385 4361 1422 4401 eu:

282 4442 352 4511 disp.
370 4457 440 4498 corr.
457 4445 525 4499 Μ
541 4444 569 4498 Β
673 4457 740 4512 quos
757 4441 782 4496 oi
801 4440 970 4496 BHubnius
996 4441 1021 4494 si
1038 4453 1091 4494 ooo.
1108 4437 1181 4504 A(p)
